3534 5017
746 750 761 834 [
806 767 847 834 29
891 749 906 832 l

334 895 466 964 Intentis
481 898 603 964 observa
617 896 726 976 oculis,
739 921 809 982 quae
824 898 952 980 plurima
964 897 1058 984 fulget
1257 912 1322 981 455

376 1033 520 1118 Exprella
536 1036 568 1098 in
581 1035 679 1120 fragili
695 1035 770 1098 mira
786 1033 893 1096 tabella
906 1034 997 1096 uitro.

334 1169 424 1252 Quas
438 1170 511 1233 veri)
525 1171 656 1255 egregiae
671 1189 737 1252 pars
752 1167 858 1254 objicit
870 1168 929 1230 ima
942 1165 1089 1245 fenestrae,

379 1305 522 1371 Virtutes
534 1307 622 1371 avido
637 1306 763 1384 lumine,
779 1305 889 1390 quaeso,
903 1326 986 1368 vora.

335 1441 415 1508 Sunt
428 1443 539 1527 septem
554 1403 690 1520 numero,
704 1461 831 1525 quarum
847 1460 975 1522 quaeque
989 1452 1050 1506 arte
1061 1435 1202 1524 magistri

378 1571 530 1657 Pingitur,
546 1586 577 1634 et
591 1593 691 1635 rarum
704 1569 852 1652 splendida
865 1568 978 1653 praebet
991 1589 1078 1650 opus.
1254 1569 1320 1653 460

335 1699 396 1778 En,
412 1700 527 1778 dextra,
543 1680 624 1783 prior
638 1715 757 1784 apparet
771 1700 944 1774 Prudentia,
957 1700 1055 1771 formai

363 1869 365 1873 ·
377 1829 503 1918 Insigni,
517 1847 548 1897 et
561 1833 648 1896 nivei
662 1833 866 1914 conspicienda
879 1834 972 1918 togfi:
1047 1903 1050 1910 ,

337 1963 375 2028 In
387 1966 506 2048 speculo
521 1987 619 2031 mores
634 1982 665 2030 et
679 1967 756 2030 saeua
769 1967 864 2032 aliena
877 1982 990 2044 tuetur,

380 2099 491 2162 Vitam
506 2114 540 2165 ut
554 2113 718 2182 componat
729 2099 839 2164 certius
855 2103 913 2184 ipsa
927 2102 1017 2175 suam.
1066 2131 1069 2136 Δ

335 2231 426 2296 Tum
441 2234 530 2313 laevui,
545 2236 671 2319 Serpens
681 2237 784 2324 jaculo
797 2239 1018 2302 circumdatur:
1042 2238 1107 2304 esto
1255 2245 1319 2330 465

380 2366 518 2433 Confilio
531 2370 603 2434 hinc
618 2369 716 2434 lentus
728 2396 739 2446 ;
760 2393 893 2455 cumque
907 2373 982 2457 agis,
993 2370 1055 2437 ello
1068 2375 1157 2438 celer.

336 2499 460 2584 Justitia
474 2504 551 2566 hanc
565 2504 712 2586 sequitur,
729 2505 812 2568 roseo
826 2507 857 2569 in
870 2506 1034 2572 velamine:
1056 2511 1171 2577 nudum

379 2631 483 2696 Firma
496 2634 605 2713 ensem,
618 2637 729 2700 inversi
742 2639 867 2721 cuspide,
881 2640 984 2704 dextra
999 2657 1100 2706 tenet:

333 2771 438 2835 Altius
453 2787 600 2858 aequatam
615 2773 736 2839 sustollit
752 2777 827 2839 laeva
841 2777 999 2854 bilancem,

382 2908 457 2993 Qui
469 2909 558 2974 librat
570 2925 653 2973 certo
668 2912 797 2993 pondera
812 2935 941 2995 quaeque
956 2914 1057 2977 modo.
1254 2938 1321 3006 470

338 3044 448 3111 Fronti
464 3051 600 3114 umbram
615 3071 720 3114 manus
734 3051 855 3114 obducit
868 3050 1001 3126 sublata;
1021 3052 1139 3138 suaeque

381 3177 456 3243 Inde*
466 3182 577 3266 jugum
591 3183 711 3270 trutinae
725 3181 833 3246 clarius
848 3184 898 3247 illa
912 3186 1002 3251 videt.

338 3312 482 3378 Proxima
496 3313 600 3376 deindei
615 3316 706 3393 venit,
721 3316 815 3378 nitido
830 3315 903 3399 Spes
914 3319 1037 3382 candida
1049 3320 1147 3400 vultu,

384 3449 528 3533 Cumque
543 3449 637 3512 oculis
652 3450 785 3536 geminas
799 3449 876 3514 tollit
890 3452 926 3515 ad
939 3451 1013 3516 astra
1028 3477 1146 3519 manus.

341 3582 487 3646 Anchora
502 3581 793 3670 firmajacetjuxt1i3
815 3588 898 3666 dum,
913 3589 964 3650 uix
978 3591 1052 3672 pede
1067 3608 1191 3678 tangens
1207 3567 1211 3576 Ι
1255 3615 1295 3684 47
1299 3619 1319 3686 5

384 3718 441 3783 Illa
453 3713 559 3798 solum,
572 3721 650 3783 votis
661 3742 752 3806 regna
766 3721 887 3804 superna
899 3727 984 3805 petit.
