3534 5017
864 743 879 826 [
922 739 964 808 ²⁸
1006 743 1022 826 ]

457 890 542 977 Τὰιη
555 889 648 954 fracto
662 889 757 954 victor
771 889 891 954 tumulo
903 891 1054 956 redivivus
1068 889 1104 953 ad
1118 911 1205 956 auras
1251 930 1255 938 ·

497 1033 631 1108 Emicat,
645 1045 687 1107 et,
702 1028 816 1092 domitrl
830 1027 947 1106 Morte,
962 1027 1127 1110 triumphat
1140 1045 1246 1090 ovans.

456 1165 592 1248 Corpora
606 1163 774 1241 custodum,
788 1162 911 1228 Christo
924 1163 1076 1240 exiliente,
1089 1162 1219 1226 duorum
1379 1176 1449 1246 435

498 1299 580 1362 Hinc
593 1313 683 1382 atque
698 1297 781 1375 hinc,
797 1297 895 1382 gelido
908 1296 995 1360 strata
1009 1317 1130 1380 pavore,
1141 1296 1267 1382 jacent:

454 1430 598 1515 Appolitri
613 1430 662 1496 hlc
677 1430 778 1494 condit
788 1429 965 1512 trepidantir
978 1428 1205 1492 luminadextrfi

496 1565 643 1630 Aversus:
661 1562 816 1630 Christum
830 1562 948 1645 respicit
962 1561 1012 1624 ille
1025 1560 1159 1644 stupens.

454 1699 571 1765 Ereclis
585 1698 706 1764 demtim
721 1700 757 1762 ad
772 1696 902 1762 caelellia
913 1697 1011 1782 sydera
1022 1697 1141 1779 palmis,

497 1835 653 1897 AEthereas
667 1832 788 1908 scandit,
803 1831 899 1896 Patris
913 1855 1027 1911 amore,
1044 1831 1175 1898 Douros.

455 1962 661 2042 Scandentem,
677 1964 949 2051 manibus-junilis,
966 1979 997 2026 et
1010 1963 1122 2047 poplite
1136 1963 1226 2042 flexo,

494 2096 640 2182 Discipuli
657 2113 771 2164 certant
786 2099 900 2166 lumine
915 2098 1038 2180 quisquc
1052 2097 1144 2182 sequi.

454 2235 608 2317 Praecipua
622 2237 686 2300 haec
702 2234 785 2298 Fidei
797 2233 939 2297 miracula
953 2232 1082 2294 maxima
1095 2229 1203 2295 nostrae

496 2367 636 2430 Phidiaet
651 2369 731 2430 dicas
747 2368 856 2450 sculpta
870 2364 954 2430 fuillc
968 2388 1073 2429 uranu.

453 2503 547 2588 Juxtl
561 2525 641 2566 aram
655 2503 750 2566 latitat
764 2473 992 2566 monumeritum
1006 2501 1131 2588 insigne,
1147 2522 1200 2584 per
1212 2520 1308 2564 annos
1363 2520 1418 2584 44
1422 2522 1441 2585 5

497 2637 653 2702 Servatum
668 2636 791 2714 multos,
812 2634 986 2700 Pontificale
1000 2635 1118 2717 pedum.

453 2767 635 2856 Ingenselie
650 2769 730 2832 vides
741 2769 857 2856 argenti
872 2768 988 2851 pondus
1003 2785 1033 2832 et
1047 2771 1131 2834 auri:

495 2905 657 2970 Materiam
673 2905 744 2968 verri
756 2905 845 2987 quim
859 2904 1005 2986 superavit
1017 2925 1092 2986 opus
1107 2903 1114 2967 l
1135 2909 1139 2914 ’

452 3039 547 3104 Nunc
561 3057 672 3118 autem,
687 3062 766 3104 nunc
778 3057 860 3104 verte
872 3041 975 3104 oculos
986 3042 1022 3104 acl
1035 3042 1139 3104 limina
1149 3041 1286 3128 Templi,
1390 3064 1395 3076 ’

495 3176 611 3256 Atque,
627 3171 767 3262 stupenda
781 3172 889 3258 magis,
903 3193 1023 3236 cernere
1037 3172 1131 3239 multa
1152 3197 1232 3257 para.

455 3303 579 3386 Organa
592 3327 645 3386 per
658 3303 793 3368 distincta
808 3305 887 3366 tubis
902 3304 1095 3383 radiantibuS,
1110 3328 1182 3369 ecce

496 3435 638 3499 Sublucet
654 3437 731 3500 miro
741 3437 819 3518 picta
834 3437 958 3501 fenestra
972 3439 1079 3504 modo,

451 3568 515 3654 Ipsa
529 3571 574 3634 scd
589 3572 702 3636 ascensu
718 3573 843 3655 supercS,
856 3595 971 3654 precor,
987 3596 1096 3657 organa
1111 3599 1242 3656 mecum,

494 3707 622 3790 Alpeclu
638 3710 722 3791 possis
739 3723 771 3772 ut
786 3708 907 3772 meliore
921 3709 990 3772 frui.
1082 3751 1086 3759 ·
