3534 5017
732 778 959 874 [³³12

314 933 442 1018 Nonne,
457 937 565 1022 pedem
580 935 723 1015 referens,
737 933 810 1000 lenti
824 934 914 1000 nimis
928 935 979 1000 ilie
991 935 1109 1002 videtur

354 1074 441 1143 Acer
451 1074 517 1137 heri
532 1071 628 1136 tardas
641 1071 818 1154 increpitare
832 1069 954 1136 moras?

312 1205 410 1274 Nunc
423 1205 532 1276 oculos
546 1206 655 1271 iterim
670 1221 784 1289 partem
798 1222 949 1271 vertamus
960 1207 998 1272 nd
1010 1208 1103 1287 iiiam,

354 1339 432 1424 Qui
443 1337 546 1424 Virgo
559 1338 642 1404 tanti
656 1339 790 1424 pingitur
803 1351 865 1404 arte
880 1337 1002 1404 Parent.

310 1469 410 1549 Pone,
425 1467 532 1534 vides?
555 1468 705 1534 summum
718 1483 753 1534 ut
763 1472 810 1534 vel
823 1472 911 1534 bruta
922 1472 1061 1536 animaiiz
1072 1471 1201 1540 Numen
1231 1491 1294 1563 545

353 1603 433 1688 Ipsa,
447 1603 502 1669 fibi
516 1604 575 1688 qui
589 1605 645 1684 fas,
659 1603 775 1688 Eoique
785 1601 951 1686 Afinusque
961 1603 1084 1668 colunt!

310 1741 457 1806 Cernuus
472 1739 522 1804 ille
535 1755 627 1824 caput
640 1741 751 1822 profert
763 1740 894 1826 largum,
906 1755 996 1823 atque
1009 1737 1104 1803 Puelli

232 1853 234 1860 Ι
352 1877 393 1942 ln
406 1897 501 1940 cunas
516 1874 612 1940 oculis
626 1874 785 1960 grandibus
798 1877 893 1938 haeret
905 1875 1007 1940 hians:

308 2009 374 2076 Hic
388 2009 499 2090 astans,
514 2010 691 2094 timidusque
705 2009 828 2093 obliquo
839 2009 952 2073 lumine
965 2024 1070 2088 tentat,

350 2143 707 2211 Cernereerominum
720 2143 1021 2226 poffitetipsesuum.
1230 2167 1293 2236 550

307 2277 384 2344 Post
398 2294 573 2362 utrumque,
586 2277 647 2341 duo
661 2275 773 2340 Chn'sti
787 2275 824 2339 ad
837 2274 985 2338 cunabula
996 2276 1094 2342 san&

350 2412 503 2488 Pastores,
512 2407 609 2496 greffu
623 2407 836 2491 praecipitvnte,
850 2420 959 2470 ruunt:

306 2550 351 2614 Hi
365 2548 456 2614 fimul
470 2546 633 2634 egregiam,
647 2541 669 2606 ii
684 2563 754 2606 vera
767 2540 809 2604 est
820 2543 908 2620 fama,
922 2541 1079 2610 fenestram

351 2683 519 2769 onndarn
533 2682 704 2764 pinxerunt,
715 2679 884 2764 effigiesque
893 2679 978 2757 suan

306 2819 475 2903 Qremque
490 2837 591 2892 manu,
606 2813 788 2899 ingenioque
800 2811 873 2876 olim
889 2815 1053 2896 expressire
1063 2819 1193 2909 figam,
1228 2853 1290 2919 555

349 2951 449 3017 Nunc
463 2951 551 3016 cunis
566 2946 721 3012 Christum
733 2969 868 3030 corpore,
880 2965 980 3012 mente
993 2951 1108 3020 colunt.

304 3081 397 3148 Turn
412 3081 566 3166 Juvenern
579 3079 684 3158 solum,
696 3082 831 3144 vernanti
845 3095 932 3144 aetare
945 3085 1099 3169 nitentem,

349 3216 395 3284 Et
407 3218 516 3280 crocei
530 3215 668 3279 indutum
678 3213 771 3293 -veste,
785 3215 881 3279 sedere
896 3217 988 3283 vides.

302 3348 419 3415 Cernis
434 3363 468 3412 ut
482 3349 611 3411 attonito
625 3347 736 3426 fimitis,
750 3347 906 3432 fimilisque
919 3351 1057 3436 stupenti,

346 3478 452 3542 Tollit
464 3480 501 3544 ad
514 3481 675 3543 aethereum
687 3477 1014 3550 lumimfixapolum?
1098 3537 1127 3554 .,
1226 3505 1289 3586 560

303 3613 386 3676 Haec
401 3609 525 3674 demum
539 3611 634 3693 supri,
648 3611 751 3675 mediis
765 3613 797 3676 in
808 3614 947 3694 nubibus,
962 3619 1036 3683 Ales

349 3741 503 3821 Caelestis,
518 3742 642 3825 pulchro
654 3742 785 3829 fulgidus
798 3765 859 3823 ore,
873 3747 975 3812 micat.

790 3863 808 3907 c
