3534 5017
855 733 871 814 [
915 727 958 811 ⁶4
1000 727 1016 810 ]

457 887 487 952 Si
503 886 569 971 quis
584 882 736 968 perspiciat
749 894 811 944 tam
825 875 1012 942 lamentabile
1025 874 1115 937 funus

495 1024 647 1110 Frigidus,
660 1037 749 1106 atque
763 1017 859 1083 oculis
871 1017 1022 1100 lachryme
1035 1010 1116 1075 nulla
1128 1009 1214 1073 cadat
1227 1033 1238 1084 ;

456 1159 538 1224 Huic
553 1155 608 1235 est,
623 1155 709 1219 crede
724 1152 808 1229 mihi,
823 1143 917 1212 Mens
929 1146 1035 1210 robore
1051 1142 1152 1206 durior
1164 1140 1251 1224 ipso;
1349 1155 1434 1224 1195
1458 1207 1462 1210 ⁴

496 1294 609 1376 AEsque
623 1289 731 1372 triplex
744 1283 824 1348 circi
837 1283 931 1346 ferrea
942 1275 1042 1340 Corda
1056 1276 1146 1358 riget.

458 1424 586 1502 Verium,
599 1424 675 1486 hanc
689 1443 727 1484 ne
741 1415 835 1514 fausti
847 1413 947 1478 videas
960 1411 1010 1473 sub
1024 1409 1092 1470 luce
1104 1404 1256 1483 tabellam,

501 1563 571 1647 Jam
582 1561 675 1625 densae
689 1558 831 1633 tenebrae,
844 1575 965 1636 noxque
977 1550 1101 1613 inimica
1110 1561 1221 1612 vetant.

460 1694 530 1774 Sed,
545 1716 612 1779 quae
628 1713 708 1755 nunc
721 1705 751 1754 te
763 1691 857 1774 agitat
871 1687 1011 1771 praeclara
1025 1681 1146 1767 Cupido
1159 1679 1286 1758 videndi,

502 1827 592 1891 Hanc
606 1825 664 1889 alio
678 1824 787 1908 poteris
801 1837 834 1886 tu
849 1821 950 1884 latiare
964 1820 1023 1882 die.
1354 1831 1441 1880 1200

689 1958 696 1970 “
802 1977 809 1990 ·
825 1954 961 2038 'longum
974 1951 1144 2040 trajecimus
1160 1970 1285 2033 aequor3

462 2499 584 2564 Netibi
599 2521 656 2584 ego
699 2479 813 2560 3an
847 2519 879 2560 ar
894 2497 1025 2579 praebere
1038 2494 1167 2579 querelae
1359 2512 1448 2576 1205
1502 2434 1536 2476 ἰ

506 2634 616 2698 Ansam
630 2631 768 2715 aliquam,
783 2631 884 2712 paucis
899 2621 1017 2712 accipe:
1041 2651 1110 2693 vera
1122 2630 1238 2713 loquar.
1536 2640 1538 2693 l

465 2770 575 2842 Gallus
589 2792 656 2853 ego,
669 2767 762 2831 atroci
776 2763 906 2830 Patriam
921 2765 984 2828 sum
998 2765 1085 2848 Lege
1100 2763 1222 2827 condius

503 2907 575 2971 Heu
587 2903 594 2969 !
618 2906 732 2990 fugere,
746 2917 834 2986 atque
849 2903 951 2965 animo
965 2900 1062 2964 dulcia
1075 2921 1204 2984 quaeque
1217 2921 1299 2964 meo.

468 3040 597 3124 Anglica
612 3059 659 3099 me
674 3035 758 3098 duxit
771 3034 842 3098 felix
856 3033 888 3096 in
903 3032 1005 3095 littora
1020 3008 1135 3118 Sydus}

510 3171 551 3234 Et
568 3170 656 3232 Stella
668 3167 825 3232 Oionium
841 3169 928 3232 duxit
939 3169 1036 3234 amica
1049 3166 1156 3254 magis.
1186 3187 1190 3199 ¹
1362 3189 1454 3236 1210

469 3303 639 3389 Anglorum
654 3303 688 3364 de
704 3323 797 3378 more,
812 3299 938 3378 Manus,
952 3321 1014 3363 non
1028 3320 1098 3379 una,
1110 3298 1240 3385 benigne

513 3442 577 3505 Hic
590 3443 672 3505 fovet
681 3441 762 3503 exilii
774 3439 898 3505 vulnera
911 3440 1016 3503 acerba
1030 3441 1100 3503 mei.

471 3575 555 3661 Quid
569 3574 677 3637 mirum
691 3577 765 3658 ergd
782 3571 883 3656 Anglo
897 3571 918 3635 fi
932 3594 1026 3655 pauca
1038 3570 1219 3655 rependere?
1235 3617 1256 3637 ..
1267 3569 1392 3635 ‚verum

515 3711 608 3774 IEdes
623 3729 692 3772 ecce
708 3723 784 3788 tuas,
798 3729 869 3772 ecce
884 3705 1008 3773 Cubile.
1051 3709 1158 3774 Vale·-

893 3846 986 3899 F1N1
997 3847 1027 3897 S·
