3534 5017
744 730 759 812 [
804 733 848 813 3'1'
890 727 904 811 ]

325 877 389 942 Per
401 876 535 941 validum
552 886 661 959 corp'us
675 898 747 940 cum
763 879 869 941 robore
880 877 985 964 junilla
996 877 1075 942 virili

372 1013 486 1079 Gratia
497 1013 640 1076 foeminea
654 1010 708 1089 est,
723 1013 960 1095 foemineumque
974 1012 1075 1074 decus.

327 1149 478 1235 Denique
494 1149 644 1214 Sobrietas
659 1161 793 1211 extrema
808 1146 960 1209 occurrit:
983 1146 1123 1208 amictam

373 1285 465 1348 Hanc
482 1285 562 1349 nivei
574 1284 628 1347 lini
644 1281 777 1366 simplice
791 1271 872 1346 velle
887 1282 981 1346 vides.

329 1422 460 1488 Dextra
474 1421 579 1484 eadem
590 1434 703 1482 cratera
720 1417 862 1496 tenens,e
878 1417 944 1480 vase
959 1419 1078 1495 nitenti,

373 1557 415 1621 In
433 1527 551 1619 mudica
568 1555 675 1618 illimes
690 1554 798 1637 pocula
812 1553 909 1617 fundit
922 1575 1025 1637 aquas.

330 1689 423 1759 Hanc
439 1691 542 1776 prope,
554 1689 759 1776 fraenaja'cent
772 1689 880 1773 quibus
895 1689 988 1752 utitur
1003 1688 1062 1767 illa,
1077 1688 1188 1755 Libido

362 1826 409 1896 ‚si
426 1848 485 1909 qua
499 1823 699 1910 ausitjustum
715 1822 883 1888 transiluille
899 1825 1036 1888 modum.

330 1957 413 2036 Non
424 1959 528 2022 eadem
542 1958 633 2020 facies
649 1957 692 2020 eil
706 1958 866 2031 omnibus3
888 1973 1032 2021 ettamen
1047 1982 1151 2024 omues
1257 1981 1321 2048 505

374 2092 549 2158 Germanas
563 2094 624 2157 fere
643 2116 696 2176 par
709 2093 816 2170 forma,
832 2092 985 2178 pudorque
999 2094 1115 2175 probat.

332 2227 401 2292 Has
416 2230 488 2292 vitae
503 2229 677 2313 quicunque
692 2227 782 2291 duces
796 2229 929 2312 elegerit,
944 2229 992 2293 ille

377 2359 486 2429 Laetus
502 2379 571 2451 aget
584 2385 684 2447 ρυῐοε,
699 2377 730 2428 et
745 2364 803 2428 fine
815 2366 894 2428 nube
907 2365 981 2428 dies.

330 2499 379 2564 At
395 2521 475 2563 nova
490 2501 556 2563 sunt
571 2499 703 2562 miranda
717 2499 792 2563 tibi:
816 2499 924 2561 sursum
938 2499 1053 2583 aspice:
1077 2501 1173 2566 rutilus

376 2634 564 2698 Luminibus
579 2656 682 2698 cernes
694 2635 819 2717 plurima
834 2646 917 2719 grata
931 2635 1003 2700 tuis.
1256 2659 1318 2724 5¹0

331 2770 452 2835 Nonne
468 2773 550 2876 videa
565 2773 670 2835 humili
686 2771 837 2836 Christum
853 2775 884 2836 in
896 2775 1021 2857 praesepe
1031 2777 1192 2862 jacentem,

380 2910 486 2994 Quem
501 2909 616 2973 circum
633 2909 789 2994 Aligertlm
803 2908 898 2972 sancta
912 2909 1041 2973 Caterva
1054 2913 1178 2977 fremit?

335 3038 434 3108 Hunc
449 3066 523 3126 puer
539 3045 588 3127 (ut
602 3044 726 3125 puerum
742 3042 857 3128 estjam
873 3042 937 3104 tum
952 3040 1109 3127 studiosus)
1122 3047 1223 3112 ocellis

381 3175 408 3239 F
413 3177 468 3260 igit
483 3196 604 3238 amans:
627 3175 708 3237 roseo
721 3175 791 3238 risus
807 3175 837 3236 in
852 3197 903 3235 ore
915 3174 1011 3239 sedet:

334 3313 435 3378 Parva
451 3311 533 3374 illum
549 3313 707 3394 palpatque
721 3334 820 3390 manu,
837 3312 1016 3397 mulcetque,
1030 3313 1161 3403 benigno
1260 3339 1321 3410 515

384 3449 592 3514 Subtimidum
607 3465 695 3525 nutu,
710 3447 915 3529 blanditiisque
930 3450 1069 3526 trahens3

337 3585 447 3667 thue
462 3603 570 3645 omnes
577 3584 641 3667 jam
656 3583 745 3644 corde
759 3583 852 3660 fovet,
868 3582 907 3645 fic
921 3583 970 3646 ille
984 3587 1100 3654 videtur

385 3715 508 3780 Omues
523 3715 680 3778 brachiolis
695 3715 769 3780 velle
784 3730 884 3780 tenete
898 3717 965 3781 suia.
