3534 5017
851 745 867 830 s
911 744 952 810 ⁶2
994 737 1012 828 s

435 889 582 958 frontem
599 891 800 978 magnificam,
816 891 877 954 sere
892 894 973 980 regia
987 891 1200 978 limine-figna

479 1026 568 1104 Rara,
583 1025 696 1102 hortos,
712 1024 824 1087 tabulas
838 1023 945 1090 offeret
959 1025 1009 1088 illa
1023 1027 1089 1088 tibi.
1293 1099 1296 1104 Ι
1334 1042 1421 1112 1150

437 1158 552 1242 Pompa
565 1159 612 1222 sed
625 1161 689 1222 haec
704 1160 802 1222 omnis
814 1158 949 1222 vanescet
963 1158 1111 1242 protinus,
1124 1159 1201 1242 ipsos

478 1290 510 1356 si
529 1289 617 1352 Vislae
632 1261 785 1352 Dominos
796 1289 870 1352 sorte
886 1289 985 1350 videre
1000 1288 1092 1363 lieet3

426 1423 465 1508 ¹Si
480 1424 642 1487 sortunatas
656 1423 737 1487 claro
751 1445 823 1485 eum
839 1421 980 1508 Conjuge
996 1420 1085 1484 Sedes

475 1554 600 1619 Illustris
615 1553 750 1642 Conjux,
767 1539 906 1618 Foemina
917 1575 991 1629 rara,
1001 1555 1081 1618 beat.

431 1689 570 1777 Egregiis
582 1689 726 1773 Virsaepe
740 1689 850 1753 Potens
863 1711 902 1752 ex
916 1690 1031 1752 aedibus
1044 1711 1166 1754 omnem
1328 1678 1412 1775 ¹155
1499 1699 1505 1706 ·

471 1829 596 1894 Famam
611 1829 717 1892 habet:
739 1827 769 1890 hi
785 1825 875 1890 Villae
891 1827 956 1890 sunt
968 1825 1060 1888 decus
1072 1825 1176 1888 Ambo
1189 1826 1260 1892 suae.

428 1965 558 2028 Affiduae
573 1964 710 2040 comites,
724 1982 849 2024 examen
864 1958 975 2038 nobile,
990 1958 1109 2020 cundtae

470 2093 609 2166 Virtutes
620 2089 732 2153 circdm
749 2089 860 2170 semper
875 2100 1036 2168 utrumque
1048 2085 1160 2148 volant.
1255 2150 1259 2159 ,

430 2221 489 2287 Hae
505 2223 569 2287 sunt
586 2244 679 2304 nuper
691 2243 742 2284 eos
754 2221 879 2305 Regalia
891 2220 927 2282 ad
938 2219 990 2285 isla
1002 2220 1109 2283 secutae

467 2359 564 2436 Atria,
580 2372 625 2420 tot
639 2355 757 2504 Gallio
821 2357 827 2370 '

426 2491 529 2555 Ambo
543 2491 623 2553 mille
637 2489 678 2552 illi
678 2443 870 2616 &Q
881 2490 950 2552 insat
981 2510 999 2550 a
1013 2489 1107 2553 relatu

467 2616 527 2682 Pro
540 2618 635 2681 sandid
647 2577 792 2750 pdssps
754 2617 964 2742 Ques

421 2752 489 2816 lslic
501 2749 671 2815 vulneribus
685 2721 981 2944 We,
961 2772 1031 2833 ere
1046 2750 1125 2813 dulci

464 2880 709 2944 Bassamabsanda
723 2901 752 2941 m
792 2839 822 2891 V
844 2831 873 2890 3
907 2894 1058 2963 tutorque
1072 2879 1194 2946 Parens.

421 3017 538 3083 Versum
552 3017 622 3080 hinc
637 3038 691 3082 nos
706 3017 797 3100 rapidi
814 3017 941 3101 gressum
956 3018 1138 3095 reseramus3
1161 3037 1196 3083 ut
1209 3041 1271 3082 una
1315 3020 1405 3106 1165

462 3145 523 3209 Res
538 3169 590 3228 per
600 3147 655 3210 iter
669 3150 762 3226 cerni,
777 3163 806 3210 te
819 3150 971 3227 redeunte,
985 3165 1085 3231 queat.

420 3277 474 3348 Est
488 3301 576 3361 parva
591 3280 639 3342 illa
654 3280 786 3362 quidem,
801 3282 904 3359 fateor,
919 3281 1059 3363 praecsara
1074 3304 1129 3345 nec
1147 3284 1235 3362 inter,

462 3412 543 3496 Qrae
557 3425 590 3473 tu
606 3412 714 3488 vidisti,
728 3425 774 3474 tot
787 3409 1003 3492 Monumenta,
1016 3414 1118 3478 micat.

419 3542 505 3624 saepe
518 3555 629 3618 autern,
646 3545 742 3608 rutilis
757 3564 827 3605 cum
842 3543 990 3626 splendent
1003 3544 1128 3613 floribus
1142 3545 1230 3624 horti,

412 3725 569 3780 unfortunate
580 3727 675 3780 French
686 3728 842 3800 Ciergymem
852 3729 878 3780 in
888 3728 930 3781 the
941 3730 1038 3800 King'e
1050 3731 1134 3783 House
1145 3742 1171 3782 at
1180 3730 1344 3794 winchester,
1353 3745 1401 3786 are

412 3834 489 3886 above
507 3829 540 3884 all
556 3831 695 3902 expression,
713 3833 760 3886 and
776 3833 870 3887 deferre
884 3851 915 3886 an
930 3836 1021 3888 eterms
1031 3837 1156 3907 gratimde
1169 3835 1235 3891 from
1245 3853 1317 3906 every
1327 3839 1399 3908 good

411 3939 572 4002 Frenchmau,
582 3940 629 3993 and
637 3938 701 3992 from
712 3957 783 4010 every
795 3937 874 3996 friend
886 3950 913 3995 to
923 3940 1054 3995 mankind

1522 1042 1534 1108 s

1525 1310 1534 1373 s
