3534 5017
913 780 928 863 [
972 798 1013 862 50
1056 781 1072 864 J

503 930 637 998 Terrens
651 932 726 993 hanc
741 927 833 1012 surgit
846 927 962 990 circrim
978 925 1111 1012 undiun
1124 927 1236 993 nobilis
1248 929 1378 1018 Agger5

545 1066 616 1130 Pars
630 1079 730 1129 autem
746 1065 867 1128 inferior
881 1067 1017 1150 gramine
1031 1066 1100 1131 laeta
1112 1067 1201 1131 viret.

501 1200 537 1264 In
552 1201 659 1280 medio,
674 1204 847 1288 virgamque
861 1225 979 1288 gerens,
993 1205 1145 1289 tedtusque
1159 1205 1277 1291 galero,
1422 1207 1483 1295 895

542 1331 716 1398 Mercurius
730 1336 831 1399 vitreis
845 1336 954 1398 arduus
967 1335 1041 1399 astat
1054 1338 1152 1420 aquis.

502 1463 662 1528 Stridentes
678 1464 768 1528 undas
784 1479 905 1550 torquet
916 1464 954 1528 de
967 1467 1087 1550 gurgite
1100 1466 1261 1548 plumbum
1275 1492 1286 1542 ς
1322 1460 1325 1466 ’

541 1597 641 1663 Imber
654 1613 686 1662 et
698 1567 861 1662 undivomo
874 1600 954 1664 fusus
968 1600 1005 1664 ab
1020 1623 1072 1666 ore
1087 1603 1160 1670 ruit.

502 1731 620 1814 Suspice
632 1751 731 1794 nunc:
755 1731 852 1809 tertis,
865 1733 1031 1817 summique
1045 1736 1200 1819 crepidine
1212 1737 1307 1815 muri,

542 1865 590 1927 Ut
603 1862 825 1927 columellarum
840 1863 908 1927 laeta
922 1887 1034 1929 corona
1047 1864 1142 1929 nitet!
1417 1885 1475 1953 900

500 1991 697 2084 Qraecunqne
710 1997 857 2083 effulgent
866 1999 973 2082 palatia
983 2023 1093 2085 magna
1108 2023 1161 2084 per
1174 2025 1299 2067 omnem

541 2131 669 2208 Italiam,
805 2132 879 2220 top
928 2134 1010 2196 ndrta
1023 2155 1108 2197 more
1124 2134 1237 2199 ferunt.

497 2263 557 2327 Τ1
533 2266 588 2328 nia
600 2117 1095 2616 tewpwffimm
1109 2267 1204 2328 hortis

540 2369 732 2506 omnigenos
745 2399 895 2516 Μαι
910 2399 943 2461 U
978 2398 1219 2462 smaxrmavidit
1230 2398 1330 2462 hians

498 2535 532 2601 Ο
547 2558 615 2619 quae
631 2550 674 2598 tot
674 2487 848 2651 miseras
824 2547 895 2630 Q
943 2535 1033 2597 lchrae
1045 2533 1173 2597 dedecus
1187 2531 1278 2596 Aulae
1415 2545 1471 2624 905

542 2673 692 2756 Turpe‚f
677 2663 846 2734 fenestelin's
850 2664 971 2734 claudet
983 2671 1080 2734 amica
1093 2687 1219 2732 manus.
1212 2665 1220 2714 Ι

501 2811 543 2887 Si,
556 2808 590 2869 de
603 2827 685 2870 more
697 2825 788 2878 novo,
800 2804 980 2888 grandesque
991 2803 1129 2887 paresque
1143 2800 1280 2872 fenestrae

540 2943 700 3025 Splendore
715 2933 860 3004 illustrent
870 2940 959 3002 Atria
969 2955 1051 3002 tanta
1064 2940 1135 3002 suo:
1231 2956 1235 2968 ’

498 3079 530 3143 Si
545 3090 671 3160 regnent
679 3095 767 3158 aequo
779 3071 879 3154 posrtae
893 3073 1069 3150 discrimine,
1083 3078 1202 3136 necnon

490 3235 492 3242 ’
540 3213 597 3277 Per
608 3211 734 3274 tabulata
747 3209 835 3270 ambo
849 3207 1034 3272 luceatordo
1043 3206 1171 3289 duplex5
1411 3221 1467 3293 9¹⁰

497 3347 573 3410 Non
587 3343 653 3418 alit,
667 3341 768 3414 credo,
781 3340 809 3402 se
822 3339 848 3400 se
859 3339 1015 3423 jastaverit
1028 3339 1089 3403 utre
1167 3384 1170 3388 -

538 3470 650 3558 Justiirs
667 3467 781 3532 Oxonii
796 3482 859 3531 tota
872 3467 1010 3532 Palaestra
1022 3468 1142 3534 Domo.

492 3609 534 3682 ¹Si
545 3605 612 3679 tibi,
626 3601 665 3665 src
679 3599 779 3682 posita,
791 3600 866 3664 haud
880 3601 993 3682 placeat
1006 3599 1158 3682 Coenatio,
1172 3614 1321 3682 mentem,
1356 3694 1360 3699 .

458 3733 461 3741 Δ
536 3741 595 3810 Vel
609 3739 704 3821 primo
715 3733 839 3819 aspenu,
853 3731 944 3799 leniet
956 3733 1005 3798 illa
1017 3749 1110 3802 tuam.
