3534 5017
765 817 783 902 t
823 831 868 902 43
909 816 928 900 1

353 965 419 1034 Illae
433 981 466 1032 te
481 963 565 1031 retto
577 963 725 1028 deducent
734 963 839 1043 limite,
852 985 941 1051 gyros

370 1155 372 1162 .
394 1105 441 1168 Hi
455 1125 509 1187 per
523 1101 717 1185 multiplices,
733 1100 961 1187 innumerosque
973 1097 1066 1166 smus.

355 1239 412 1306 Sed
429 1262 645 1326 quamcunque
658 1239 750 1316 viam,
764 1237 869 1302 callem
884 1259 1095 1322 quemcunque
1106 1237 1246 1323 sequaris,
1274 1257 1292 1324 7
1296 1253 1335 1321 55

396 1375 518 1455 Pulvis,
533 1379 771 1463 ubiquejacens,
785 1397 890 1440 aureus
905 1388 990 1439 ornat
999 1376 1068 1440 iter.

354 1507 428 1572 Nec
442 1508 539 1574 multa
552 1507 662 1587 areola,
674 1504 794 1571 arbusto
807 1503 944 1570 decorata
957 1505 1078 1583 virenti,

399 1643 468 1708 Aut
481 1643 565 1707 vario
578 1643 688 1706 florum
703 1641 782 1725 pitia
795 1639 906 1722 colore,
919 1640 1011 1704 deest.

356 1775 423 1840 Hic
438 1776 566 1859 Tulipae
579 1769 699 1853 floreut,
710 1771 888 1856 Jasminum,
901 1770 981 1835 lutea
991 1770 1110 1849 Galiba,

399 1908 544 1991 Albaque
553 1904 710 1990 purpureis
724 1901 802 1966 Lilia
816 1903 911 1964 mixta
925 1898 1023 1964 Rofis.
1278 1903 1339 1988 760

358 2053 449 2142 Qiin
464 2048 808 2146 et*Ruscum1iorrens
822 2043 935 2108 multos
944 2041 1105 2105 habetarte
1115 2037 1249 2118 colotes3

402 2189 549 2272 Cumque
559 2186 632 2273 gelu
644 2185 787 2270 languent
799 2194 919 2256 caetera,
930 2177 1007 2241 ridet
1020 2176 1110 2239 idem.

359 2325 465 2391 Cerne
479 2321 527 2385 sed
540 2319 676 2404 inprimis
692 2328 711 2394 †
727 2314 869 2377 Laburna
883 2312 961 2388 haec,
974 2308 1082 2394 hasque
1095 2313 1115 2389 ss
1130 2305 1279 2392 Syringa,

402 2460 497 2523 Horti
507 2459 629 2543 ingens,
643 2476 714 2519 cum
727 2451 793 2516 sunt
806 2464 867 2512 tam
876 2443 953 2511 bene
962 2443 1080 2532 jutitia,
1093 2442 1194 2508 decus.

359 2598 506 2663 Floribus
519 2617 559 2660 ex
572 2593 630 2658 illis
641 2586 907 2662 diversicoloribus,
920 2582 1004 2647 omni
1276 2577 1340 2664 765

405 2735 553 2820 Quantus
565 2732 662 2793 honos
670 2728 768 2804 horto,
780 2721 875 2808 gratia
888 2730 999 2802 quanta
1009 2713 1112 2780 venit!

360 2873 546 2938 Auricomas
560 2867 657 2933 oculis
670 2863 805 2948 praebent
814 2871 936 2922 curvata
949 2851 1074 2918 corollas

407 3004 564 3080 Laburna,
577 3015 609 3064 et
622 2997 712 3063 rutilo
724 2993 850 3079 pendula
859 2993 932 3055 flore
940 2990 1072 3054 micant:

362 3136 507 3202 Caerulea
521 3131 637 3198 extollit
648 3129 723 3194 beni
738 3128 850 3191 olentia
863 3126 938 3189 serta
952 3122 1086 3207 Syringa,

408 3267 454 3331 Et
466 3263 547 3328 suavi
562 3281 648 3324 nares
661 3259 772 3322 mulcet
781 3257 870 3320 odore
881 3271 960 3320 tuas.
1282 3279 1346 3352 770

366 3399 427 3468 Sed
442 3419 506 3462 non
519 3395 589 3460 finis
603 3394 670 3475 erit,
683 3392 792 3456 florum
807 3387 829 3452 si
843 3389 964 3452 nomina
977 3409 1117 3473 quaeque,

410 3533 481 3598 Aut
494 3524 681 3592 arbustorum
695 3523 881 3588 dinumerare
891 3522 991 3586 veiim.

420 3767 437 3798 a
456 3758 517 3814 The
533 3752 671 3825 Hollyouk.
754 3757 776 3822 †
793 3751 852 3808 The
863 3751 1019 3807 Laburmm.
1092 3751 1113 3820 ἲ
1130 3755 1159 3810 Τ
1159 3753 1299 3812 heLilzch.
