3534 5017
728 781 744 877 i
787 815 807 880 9
852 796 867 878 ]

304 925 482 1022 Magnifice?
498 936 547 1000 illa
559 947 618 1001 tuae
633 937 699 1016 stat,
716 938 862 1022 Magdala
876 942 954 1022 dira,
968 943 1116 1010 Palaestrae

349 1073 575 1138 Ornamentum
590 1075 708 1158 ingens,
724 1073 904 1160 Oxoniique
919 1079 1025 1146 decus.
1059 1143 1063 1155 ,

304 1205 372 1288 Ιρίῖι
395 1207 502 1270 deinde
516 1208 617 1285 domo,
629 1231 692 1272 non
707 1211 845 1276 inferiora
859 1215 984 1292 videbis,

349 1301 472 1406 Limina
485 1341 507 1405 n
520 1342 646 1424 Tempu
660 1342 738 1407 sacra
751 1345 846 1408 suune
860 1345 943 1410 net.

305 1474 361 1538 Est
376 1477 407 1538 in
421 1473 528 1540 secessu
540 1477 644 1564 longo,
659 1479 690 1542 in
705 1479 904 1561 penetralibus
917 1482 986 1546 imis

237 1609 239 1620 '
343 1605 489 1692 ¹Delubri,
504 1614 617 1677 insoliti
631 1615 708 1696 pitia
721 1615 827 1678 tabella
841 1637 952 1681 manu:

307 1744 476 1831 Egregium
490 1747 560 1809 artis
576 1767 661 1828 opus,
675 1760 903 1812 monumentum
915 1745 1041 1833 insigne,
1055 1749 1160 1814 futuris

351 1879 427 1960 Quo
442 1877 523 1942 vivet
536 1877 630 1941 saeclis
641 1877 704 1942 laus
718 1893 780 1958 tua,
796 1901 904 1965 magne
916 1878 1022 1944 Guido.
1113 1954 1115 1957 ¹

309 2010 398 2074 Hanc
413 2009 620 2086 meminens,
634 2011 797 2094 fractusque
810 2011 924 2090 dolore,
938 2012 1089 2092 tabellam,

350 2141 424 2228 Qu
432 2129 481 2204 'tot
494 2143 598 2206 acerba
611 2143 680 2206 tulit
693 2142 840 2220 Christus,
853 2165 955 2208 amore
967 2146 1024 2210 tui.
1105 2234 1107 2237 Ι
1244 2167 1287 2235 4ο

308 2277 430 2358 Aspice,
445 2277 488 2338 uti
503 2277 578 2338 facie
591 2277 712 2358 pallens,
726 2279 880 2362 exanguis,
895 2279 1048 2360 anhelans,

349 2400 563 2498 Dejiciensque
576 2417 639 2478 imo
652 2413 764 2477 lumina
774 2413 880 2478 moesta
892 2413 964 2490 solo,

308 2546 373 2611 Vix
387 2550 485 2611 crucis
500 2549 650 2613 immensae
665 2551 760 2612 uehat
773 2547 956 2614 intolerabile
970 2550 1096 2632 pondus,

350 2677 394 2740 Et
407 2701 515 2762 genua,
527 2679 672 2742 horrendi
687 2680 765 2744 mole
779 2694 909 2764 gravata,
924 2680 1034 2747 labene

310 2815 354 2876 At
368 2827 467 2878 tantos
482 2814 557 2877 inter
570 2835 638 2896 quae
653 2812 843 2877 mansuetudo
855 2813 970 2876 dolores
984 2812 992 2875 l

352 2949 477 3033 Quanta
487 2949 579 3010 animi
592 2947 720 3024 bonitas,
730 2959 793 3010 tota
806 2965 857 3026 per
870 2965 933 3021 ora,
945 2945 1019 3006 nitet
1032 2943 1039 3006 !
1066 2981 1074 2994 ·

310 3081 335 3146 F
338 3084 448 3168 lagitiis
462 3084 620 3145 bominum
633 3083 681 3145 vel
694 3083 766 3146 dum
779 3079 977 3157 cadithostia,
990 3094 1119 3163 quantus

350 3217 389 3280 In
402 3239 496 3301 genus
510 3219 673 3280 humanum
688 3217 786 3278 fronte
800 3212 912 3277 relucet
924 3211 1045 3278 'amorfl

310 3353 485 3440 Prodigium
502 3355 559 3416 hoc
573 3353 675 3416 animo
687 3352 786 3415 secum
802 3362 939 3432 reputare
951 3348 1063 3412 volenti

342 3577 357 3604 ⁸*
377 3571 460 3621 There
476 3570 497 3620 is
515 3568 605 3620 besides
622 3569 648 3619 in
660 3568 696 3618 St.
716 3563 873 3635 Magdalen's
889 3563 994 3635 Chapel,
1014 3581 1072 3616 over
1083 3564 1124 3616 the
1139 3578 1209 3634 great
1219 3569 1289 3641 door,

307 3689 321 3721 a
339 3669 462 3722 beautiful
474 3669 572 3740 painted
587 3669 703 3730 window,
718 3667 800 3721 which
812 3685 863 3720 was
879 3678 923 3720 not
939 3667 1035 3739 placed,
1045 3662 1117 3720 when
1132 3668 1196 3724 these
1213 3675 1289 3727 verser

302 3772 430 3856 were'sent
442 3783 468 3824 to
479 3772 521 3830 the
531 3771 606 3842 prese.
