3534 5017
713 760 729 842 [
775 774 814 840 13
859 754 874 837 ]

306 912 497 991 Matronaeve
512 907 595 994 gravi
610 906 735 972 formosa
750 904 859 988 puella,
869 906 1005 991 juventae
1060 956 1064 962 .

349 1044 482 1109 Lumine
497 1040 654 1118 floridulae,
665 1038 874 1122 purpureisque
889 1034 959 1100 rofis
967 1061 979 1110 3

305 1173 438 1262 AEdibue
452 1170 591 1256 oppositis
605 1170 733 1249 tannim,
747 1170 896 1252 splendore
909 1169 1042 1247 corusco,
1227 1189 1286 1256 ης

350 1304 485 1384 Praestat,
499 1303 627 1388 Reginae
642 1305 764 1367 nomine
773 1302 861 1381 dieta,
874 1300 1010 1366 Domus.

308 1438 368 1503 Sed
382 1437 450 1500 satis
464 1436 529 1498 haec
543 1455 551 1498 :
574 1433 676 1500 attolle
689 1434 804 1511 oculos,
818 1447 850 1498 et
862 1433 972 1518 suspice
985 1438 1104 1522 turrim·¹

352 1570 533 1646 Sublimem,
546 1569 668 1645 sacram,
683 1567 766 1632 Diva
780 1567 894 1645 Maria,
907 1569 973 1632 tibi.

309 1705 358 1768 Ut
371 1704 447 1768 levis
461 1704 613 1780 aethereas,
627 1725 684 1766 ceu
698 1703 825 1788 pyramis
839 1703 909 1779 alta,
924 1725 975 1784 per
988 1725 1072 1768 auras

353 1835 501 1921 Erigitur,
516 1835 658 1911 condens,
672 1834 731 1916 ipsa
744 1833 796 1908 sub¹
808 1833 896 1912 astra,
910 1834 1020 1916 caput!
1228 1855 1290 1902 120

311 1969 382 2033 Nec
395 1967 500 2050 procul
515 1966 582 2030 indd
594 1965 679 2042 astat,
689 1965 770 2044 ¹sacra
782 1966 888 2030 sandlis
900 1970 1051 2050 omnibuS,
1065 1970 1163 2050 AEdis,

353 2103 459 2166 Turre
473 2101 563 2183 etiam
578 2097 687 2162 meritd
698 2097 765 2161 laeta
777 2099 922 2182 feroxque
935 2099 996 2176 sud,

311 2235 390 2299 Haec
405 2255 467 2298 non
479 2233 583 2296 audaci
596 2255 647 2315 par
661 2197 811 2318 majestate
826 2233 918 2314 priori
932 2232 995 2314 est3
1011 2209 1016 2216 ⁷

355 2373 403 2434 At
415 2368 482 2452 plius
496 2371 663 2448 munditiae,
678 2368 800 2452 plusque
815 2368 919 2442 nitoris
931 2370 1038 2435 habet:

312 2503 476 2568 Concinnd
489 2503 554 2564 haec
568 2502 699 2564 novitate
714 2502 814 2584 capit;
837 2503 918 2584 prior
929 2503 979 2566 illa
991 2505 1112 2591 superba
1193 2573 1197 2580 ,
1231 2526 1301 2591 125‘

355 2636 514 2700 Attonitos
529 2634 633 2701 oculos
647 2633 800 2698 nobilitate
814 2635 900 2716 rapit.

313 2775 418 2856 Qram
434 2773 506 2836 vero
526 2771 648 2834 Cunctas
661 2769 780 2834 Animas
793 2773 829 2835 de
843 2777 965 2837 nomine
979 2776 1092 2855 dicunt,

356 2909 425 2973 Ah!
451 2931 523 2971 cave
539 2907 714 2989 inaspedlam
729 2905 897 2989 praeteriiffe
912 2907 1049 2974 domum.
1074 2983 1077 2988 Ι
1165 2949 1168 2954 -
1191 2869 1195 2874 ⁴

313 3041 404 3106 Parte
419 3041 488 3117 vim,
504 3041 553 3102 illa
568 3040 687 3123 quidem
702 3040 993 3121 praebetpauciffima
1006 3043 1068 3104 visu

357 3174 476 3259 Digna,
490 3174 536 3236 sed
550 3172 675 3235 occidua
685 3171 811 3252 plurima
826 3186 908 3252 parte
922 3172 1044 3234 micant.
1232 3195 1291 3260 ¹30

313 3311 378 3374 Hic
393 3297 481 3371 laetus
495 3306 632 3371 Gothico
646 3305 778 3388 geminas
789 3325 826 3364 ex
841 3303 942 3366 ordine
957 3319 1067 3380 turres*

358 3441 578 3522 Perfimilesque
592 3437 687 3515 simul,
702 3438 912 3522 contiguasque
926 3441 1018 3503 vides.

314 3576 375 3642 Hae
387 3573 463 3635 bend
477 3572 647 3654 quadratam
661 3571 766 3633 inediae
779 3572 963 3636 dominantur
983 3575 1013 3637 in
1025 3576 1132 3655 aulam,

358 3708 545 3790 Pulchraque
558 3699 720 3808 despiciunt
732 3705 842 3770 subdita
857 3707 933 3770 tedia
946 3707 1010 3773 sibi.
