3534 5017
874 852 891 942 [
932 850 973 944 3⁸
1015 854 1032 940 ]

468 999 654 1066 Conversum
665 999 766 1066 credas
780 1003 812 1067 in
825 1001 892 1068 saxa
904 1003 1031 1068 virentia
1042 1024 1176 1089 gramen,

507 1135 584 1220 Qo
597 1134 705 1200 structa
718 1135 823 1202 artifici
838 1139 917 1202 testa
926 1137 1007 1202 fuire
1021 1131 1125 1221 manui
1380 1140 1447 1224 650

465 1267 516 1333 sol
530 1269 635 1333 ardet?
659 1269 770 1354 patulas
786 1271 880 1336 Tiliae
895 1271 1087 1335 subeuntibus
1101 1272 1236 1350 umbras,
1342 1283 1347 1292 ’

508 1413 652 1478 Curvatae
666 1409 696 1472 in
710 1428 822 1470 morem
834 1407 968 1484 fornicis,
981 1427 1052 1468 ecce
1065 1406 1188 1468 dabunt.

464 1549 542 1615 Sunt
554 1548 642 1612 variis
656 1546 747 1610 etiam
765 1543 888 1608 arbustis
900 1543 967 1608 loca
979 1542 1103 1620 conlita,
1118 1541 1209 1608 musis

505 1676 603 1744 Grata
615 1676 682 1740 loca
694 1673 813 1764 Aoniis,
825 1670 1068 1758 Thyrfigeroque
1082 1671 1165 1736 Deo.

464 1810 592 1878 Suffulta
605 1809 674 1872 hinc
685 1806 812 1892 geminis
826 1826 877 1888 per
891 1805 985 1867 ferrea
997 1801 1123 1868 claustra
1134 1803 1293 1884 columnis,
1378 1806 1421 1888 65
1423 1826 1446 1890 5

505 1945 647 2012 Proxima
661 1940 819 2007 Wadbami
832 1963 953 2006 cernere
967 1941 1046 2005 tebta
1058 1941 1150 2005 vales.
1255 1948 1258 1954 '
1355 1944 1358 1949 ’

461 2074 587 2142 FelixG
599 2073 762 2162 ymnasrum
777 2072 784 2136 i
808 2073 890 2158 quod
903 2074 1011 2136 habere
1025 2074 1138 2137 exultat
1151 2074 1290 2154 eundem,

503 2211 606 2292 Quem
619 2231 699 2274 nunc
715 2207 832 2274 Oxonii
845 2222 911 2272 tota
924 2206 1070 2285 Pataestra,
1084 2205 1246 2273 Ducem*:
1268 2215 1272 2221 ’

459 2339 533 2422 Quo
546 2339 636 2405 Duce
649 2363 711 2404 non
724 2341 798 2404 alius
812 2341 964 2423 spedistior
978 2339 1077 2403 indole
1092 2339 1170 2419 miti,

502 2471 634 2550 Virtute,
649 2470 768 2534 urbanis
783 2473 917 2534 moribus
931 2470 987 2534 eise
1001 2471 1105 2554 potest.
1293 2547 1296 2552 ,
1375 2477 1444 2546 660

460 2607 531 2672 Illas
543 2619 573 2670 te
587 2605 673 2670 doleo
686 2626 748 2669 non
761 2603 838 2688 poffe
852 2605 993 2670 attentius
1008 2607 1103 2672 AEdes
1164 2587 1167 2591 7

502 2742 636 2848 Cernere
645 2763 740 2818 nunc,
755 2741 809 2804 tibi
824 2763 880 2804 nec
895 2744 1037 2830 temporis
1047 2742 1102 2808 eise
1116 2745 1193 2809 satis.

460 2876 546 2944 Nam
560 2874 656 2962 greffu
670 2873 758 2938 celeri
769 2889 835 2938 ruet
849 2849 990 2938 umbrifer
1001 2875 1170 2959 Hesperus3
1193 2892 1285 2962 atque

502 3015 573 3080 Hoc
584 3013 670 3078 nobis
680 3011 814 3095 superant
826 3010 921 3076 multa
933 3010 1058 3074 videnda
1070 3011 1129 3076 die.

458 3145 554 3234 Ergo,
567 3144 639 3210 hinc
652 3144 764 3230 egreffi,
777 3141 879 3224 rapido
892 3140 1048 3206 lustremus
1058 3159 1162 3206 euntes
1374 3147 1441 3232 665

500 3283 649 3361 Lumine,
659 3281 691 3344 in
704 3278 836 3366 oppofiti
849 3281 966 3364 publica
979 3281 1056 3346 tetta
1070 3283 1131 3346 vii.

458 3413 579 3493 Cernis,
594 3411 638 3476 uti
652 3383 728 3476 levi
743 3411 833 3477 Sedes
848 3411 964 3476 Exonia
976 3415 1098 3500 surgens

499 3546 622 3614 Atridet
635 3545 741 3610 frontis
751 3545 906 3612 nobilitate
919 3547 999 3611 suae?
1094 3596 1097 3600 Α

488 3771 504 3802 ¹
522 3764 581 3819 The
595 3765 660 3819 Rev.
672 3767 719 3820 Dr.
737 3766 802 3835 john
819 3765 908 3830 wille,
924 3767 1037 3820 Warden
1055 3767 1086 3820 of
1108 3771 1237 3824 Wadham
1256 3771 1367 3844 College,
1389 3778 1443 3829 and

453 3863 675 3938 Vise-Chwceiior
685 3863 716 3920 of
723 3865 764 3919 the
776 3865 914 3937 Universrty
925 3863 955 3918 of
964 3865 1069 3929 Oxford,
1080 3868 1106 3921 in
1117 3869 1159 3921 the
1169 3888 1227 3938 year
1236 3887 1314 3941 1794.
