<?xml version="1.0" encoding="UTF-8"?>
<!DOCTYPE html PUBLIC "-//W3C//DTD XHTML 1.0 Transitional//EN"
    "http://www.w3.org/TR/xhtml1/DTD/xhtml1-transitional.dtd">
<html xmlns="http://www.w3.org/1999/xhtml" xml:lang="en" lang="en">
 <head>
  <title>
</title>
<meta http-equiv="Content-Type" content="text/html;charset=utf-8" />
  <meta name='ocr-system' content='tesseract 3.04.00' />
  <meta name='ocr-capabilities' content='ocr_page ocr_carea ocr_par ocr_line ocrx_word'/>
</head>
<body>
  <div class='ocr_page' id='page_1' title='image "./oxoniiduxpoetic01aubrgoog_0065.png"; bbox 0 0 3534 5017; ppageno 0'>
   <div class='ocr_carea' id='block_1_1' title="bbox 730 745 890 832">
    <p class='ocr_par' dir='ltr' id='par_1_1' title="bbox 730 745 890 832">
     <span class='ocr_line' id='line_1_1' title="bbox 730 745 890 832; baseline -0.013 -2"><span class='ocrx_word' id='word_1_1' title='bbox 730 745 890 832; x_wconf 80' lang='lat'>[57]</span> 
     </span>
    </p>
   </div>
   <div class='ocr_carea' id='block_1_2' title="bbox 320 891 1309 1252">
    <p class='ocr_par' dir='ltr' id='par_1_2' title="bbox 320 891 1309 1252">
     <span class='ocr_line' id='line_1_2' title="bbox 320 891 1309 984; baseline -0.002 -22"><span class='ocrx_word' id='word_1_2' title='bbox 320 896 440 962; x_wconf 88' lang='lat' dir='ltr'>Horum</span> <span class='ocrx_word' id='word_1_3' title='bbox 454 898 559 984; x_wconf 79' lang='lat' dir='ltr'>ingens</span> <span class='ocrx_word' id='word_1_4' title='bbox 573 912 727 972; x_wconf 70' lang='lat' dir='ltr'>umerus,</span> <span class='ocrx_word' id='word_1_5' title='bbox 739 891 886 976; x_wconf 86' lang='lat' dir='ltr'>studiique</span> <span class='ocrx_word' id='word_1_6' title='bbox 900 891 1042 958; x_wconf 75' lang='lat' dir='ltr'>immensa</span> <span class='ocrx_word' id='word_1_7' title='bbox 1054 893 1186 978; x_wconf 76' lang='lat' dir='ltr'>cupido:</span> <span class='ocrx_word' id='word_1_8' title='bbox 1303 927 1309 936; x_wconf 90' lang='lat'>·</span> 
     </span>
     <span class='ocr_line' id='line_1_3' title="bbox 366 1027 1096 1116; baseline 0.001 -21"><span class='ocrx_word' id='word_1_9' title='bbox 366 1029 527 1095; x_wconf 65' lang='lat' dir='ltr'>Doctrina</span> <span class='ocrx_word' id='word_1_10' title='bbox 540 1030 649 1093; x_wconf 91' lang='lat' dir='ltr'>horum</span> <span class='ocrx_word' id='word_1_11' title='bbox 663 1027 771 1092; x_wconf 82' lang='lat' dir='ltr'>animis</span> <span class='ocrx_word' id='word_1_12' title='bbox 786 1029 892 1116; x_wconf 80' lang='lat' dir='ltr'>igneus</span> <span class='ocrx_word' id='word_1_13' title='bbox 905 1029 988 1110; x_wconf 79' lang='lat' dir='ltr'>ardet</span> <span class='ocrx_word' id='word_1_14' title='bbox 999 1051 1096 1096; x_wconf 78' lang='lat' dir='ltr'>amor.</span> 
     </span>
     <span class='ocr_line' id='line_1_4' title="bbox 321 1160 1150 1252; baseline -0.002 -22"><span class='ocrx_word' id='word_1_15' title='bbox 321 1165 357 1230; x_wconf 92' lang='lat' dir='ltr'>In</span> <span class='ocrx_word' id='word_1_16' title='bbox 372 1187 468 1252; x_wconf 87' lang='lat' dir='ltr'>genus</span> <span class='ocrx_word' id='word_1_17' title='bbox 481 1166 539 1230; x_wconf 93' lang='lat' dir='ltr'>hoc</span> <span class='ocrx_word' id='word_1_18' title='bbox 554 1162 707 1246; x_wconf 80' lang='lat' dir='ltr'><strong>Juvenum</strong></span> <span class='ocrx_word' id='word_1_19' title='bbox 722 1160 821 1225; x_wconf 82' lang='lat' dir='ltr'>Patria</span> <span class='ocrx_word' id='word_1_20' title='bbox 830 1160 972 1226; x_wconf 79' lang='lat' dir='ltr'>inclinata</span> <span class='ocrx_word' id='word_1_21' title='bbox 983 1164 1150 1230; x_wconf 80' lang='lat' dir='ltr'>recumbit:</span> 
     </span>
    </p>
   </div>
   <div class='ocr_carea' id='block_1_3' title="bbox 238 1294 1299 1385">
    <p class='ocr_par' dir='ltr' id='par_1_3' title="bbox 238 1294 1299 1385">
     <span class='ocr_line' id='line_1_5' title="bbox 238 1294 1299 1385; baseline -0.004 -19"><span class='ocrx_word' id='word_1_22' title='bbox 238 1323 239 1336; x_wconf 61' lang='lat'>¹</span> <span class='ocrx_word' id='word_1_23' title='bbox 361 1298 497 1366; x_wconf 86' lang='lat' dir='ltr'>Difficile</span> <span class='ocrx_word' id='word_1_24' title='bbox 511 1299 566 1362; x_wconf 83' lang='lat' dir='ltr'>hos</span> <span class='ocrx_word' id='word_1_25' title='bbox 580 1297 649 1360; x_wconf 80' lang='lat' dir='ltr'>vitae</span> <span class='ocrx_word' id='word_1_26' title='bbox 665 1314 774 1360; x_wconf 88' lang='lat' dir='ltr'>munus</span> <span class='ocrx_word' id='word_1_27' title='bbox 785 1294 821 1358; x_wconf 85' lang='lat' dir='ltr'>ad</span> <span class='ocrx_word' id='word_1_28' title='bbox 833 1317 923 1359; x_wconf 86' lang='lat' dir='ltr'>omne</span> <span class='ocrx_word' id='word_1_29' title='bbox 937 1310 1038 1362; x_wconf 88' lang='lat' dir='ltr'>vocat.</span> <span class='ocrx_word' id='word_1_30' title='bbox 1218 1313 1299 1385; x_wconf 77' lang='lat'>1050</span> 
     </span>
    </p>
   </div>
   <div class='ocr_carea' id='block_1_4' title="bbox 319 1433 1087 1521">
    <p class='ocr_par' dir='ltr' id='par_1_4' title="bbox 319 1433 1087 1521">
     <span class='ocr_line' id='line_1_6' title="bbox 319 1433 1087 1521; baseline -0.001 -20"><span class='ocrx_word' id='word_1_31' title='bbox 319 1435 403 1501; x_wconf 80' lang='lat' dir='ltr'>ffinc</span> <span class='ocrx_word' id='word_1_32' title='bbox 418 1451 449 1501; x_wconf 85' lang='lat' dir='ltr'>et</span> <span class='ocrx_word' id='word_1_33' title='bbox 463 1435 621 1500; x_wconf 86' lang='lat' dir='ltr'>Consultos</span> <span class='ocrx_word' id='word_1_34' title='bbox 636 1433 731 1520; x_wconf 76' lang='lat' dir='ltr'>June,</span> <span class='ocrx_word' id='word_1_35' title='bbox 746 1433 943 1518; x_wconf 87' lang='lat' dir='ltr'>Medicosque</span> <span class='ocrx_word' id='word_1_36' title='bbox 957 1434 1087 1521; x_wconf 60' lang='lat' dir='ltr'>fugaces,</span> 
     </span>
    </p>
   </div>
   <div class='ocr_carea' id='block_1_5' title="bbox 238 1569 1295 2586">
    <p class='ocr_par' dir='ltr' id='par_1_5' title="bbox 238 1569 1295 2586">
     <span class='ocr_line' id='line_1_7' title="bbox 363 1569 1025 1656; baseline -0.006 -20"><span class='ocrx_word' id='word_1_37' title='bbox 363 1571 566 1656; x_wconf 71' lang='lat' dir='ltr'>Rectoresque</span> <span class='ocrx_word' id='word_1_38' title='bbox 581 1572 688 1647; x_wconf 81' lang='lat' dir='ltr'>sacros,</span> <span class='ocrx_word' id='word_1_39' title='bbox 697 1569 770 1636; x_wconf 84' lang='lat' dir='ltr'>utile</span> <span class='ocrx_word' id='word_1_40' title='bbox 783 1590 903 1652; x_wconf 89' lang='lat' dir='ltr'>corpus,</span> <span class='ocrx_word' id='word_1_41' title='bbox 915 1570 1025 1634; x_wconf 82' lang='lat' dir='ltr'>habet:</span> 
     </span>
     <span class='ocr_line' id='line_1_8' title="bbox 320 1697 1164 1784; baseline -0.005 -18"><span class='ocrx_word' id='word_1_42' title='bbox 320 1701 406 1784; x_wconf 70' lang='lat' dir='ltr'>Saepe</span> <span class='ocrx_word' id='word_1_43' title='bbox 421 1716 452 1765; x_wconf 91' lang='lat' dir='ltr'>et</span> <span class='ocrx_word' id='word_1_44' title='bbox 465 1700 627 1766; x_wconf 86' lang='lat' dir='ltr'>Pontifices</span> <span class='ocrx_word' id='word_1_45' title='bbox 640 1701 723 1765; x_wconf 90' lang='lat' dir='ltr'>fonte</span> <span class='ocrx_word' id='word_1_46' title='bbox 737 1701 794 1764; x_wconf 91' lang='lat' dir='ltr'>hoc</span> <span class='ocrx_word' id='word_1_47' title='bbox 806 1701 897 1764; x_wconf 85' lang='lat' dir='ltr'>trahit</span> <span class='ocrx_word' id='word_1_48' title='bbox 910 1701 1020 1766; x_wconf 76' lang='lat' dir='ltr'>uberet</span> <span class='ocrx_word' id='word_1_49' title='bbox 1041 1697 1164 1765; x_wconf 75' lang='lat' dir='ltr'>demum</span> 
     </span>
     <span class='ocr_line' id='line_1_9' title="bbox 363 1835 900 1924; baseline 0.004 -26"><span class='ocrx_word' id='word_1_50' title='bbox 363 1835 446 1901; x_wconf 85' lang='lat' dir='ltr'>Hinc</span> <span class='ocrx_word' id='word_1_51' title='bbox 460 1837 639 1902; x_wconf 76' lang='lat' dir='ltr'>Defensores</span> <span class='ocrx_word' id='word_1_52' title='bbox 651 1838 746 1924; x_wconf 84' lang='lat' dir='ltr'>seligit</span> <span class='ocrx_word' id='word_1_53' title='bbox 759 1836 809 1901; x_wconf 84' lang='lat' dir='ltr'>illa</span> <span class='ocrx_word' id='word_1_54' title='bbox 823 1836 900 1900; x_wconf 79' lang='lat' dir='ltr'>suos.</span> 
     </span>
     <span class='ocr_line' id='line_1_10' title="bbox 320 1963 1295 2055; baseline 0.002 -23"><span class='ocrx_word' id='word_1_55' title='bbox 320 1964 434 2032; x_wconf 87' lang='lat' dir='ltr'>Gentis</span> <span class='ocrx_word' id='word_1_56' title='bbox 448 1968 481 2030; x_wconf 89' lang='lat' dir='ltr'>in</span> <span class='ocrx_word' id='word_1_57' title='bbox 494 1967 621 2054; x_wconf 80' lang='lat' dir='ltr'>augusto</span> <span class='ocrx_word' id='word_1_58' title='bbox 634 1969 785 2052; x_wconf 77' lang='lat' dir='ltr'>quondum</span> <span class='ocrx_word' id='word_1_59' title='bbox 797 1968 873 2032; x_wconf 76' lang='lat' dir='ltr'>bene</span> <span class='ocrx_word' id='word_1_60' title='bbox 880 1966 961 2055; x_wconf 87' lang='lat' dir='ltr'>justa</span> <span class='ocrx_word' id='word_1_61' title='bbox 975 1963 1087 2032; x_wconf 83' lang='lat' dir='ltr'>Senatu</span> <span class='ocrx_word' id='word_1_62' title='bbox 1215 1979 1295 2050; x_wconf 77' lang='lat'>1055</span> 
     </span>
     <span class='ocr_line' id='line_1_11' title="bbox 238 2099 969 2183; baseline 0.003 -21"><span class='ocrx_word' id='word_1_63' title='bbox 238 2145 239 2162; x_wconf 47' lang='lat' dir='ltr'>r</span> <span class='ocrx_word' id='word_1_64' title='bbox 363 2099 514 2180; x_wconf 80' lang='lat' dir='ltr'><strong>Pluribus,</strong></span> <span class='ocrx_word' id='word_1_65' title='bbox 525 2101 649 2183; x_wconf 82' lang='lat' dir='ltr'>antiquo</span> <span class='ocrx_word' id='word_1_66' title='bbox 662 2122 756 2180; x_wconf 89' lang='lat' dir='ltr'>more,</span> <span class='ocrx_word' id='word_1_67' title='bbox 770 2100 866 2164; x_wconf 87' lang='lat' dir='ltr'>sedere</span> <span class='ocrx_word' id='word_1_68' title='bbox 878 2100 969 2164; x_wconf 80' lang='lat' dir='ltr'>dabit.</span> 
     </span>
     <span class='ocr_line' id='line_1_12' title="bbox 318 2227 1067 2318; baseline 0.007 -27"><span class='ocrx_word' id='word_1_69' title='bbox 318 2227 368 2292; x_wconf 88' lang='lat' dir='ltr'>Illi</span> <span class='ocrx_word' id='word_1_70' title='bbox 382 2230 425 2293; x_wconf 90' lang='lat' dir='ltr'>ibi</span> <span class='ocrx_word' id='word_1_71' title='bbox 439 2231 607 2311; x_wconf 79' lang='lat' dir='ltr'>certabunt,</span> <span class='ocrx_word' id='word_1_72' title='bbox 622 2231 696 2296; x_wconf 90' lang='lat' dir='ltr'>Solii</span> <span class='ocrx_word' id='word_1_73' title='bbox 711 2231 892 2318; x_wconf 82' lang='lat' dir='ltr'>Legumque</span> <span class='ocrx_word' id='word_1_74' title='bbox 901 2232 1067 2310; x_wconf 78' lang='lat' dir='ltr'>columme,</span> 
     </span>
     <span class='ocr_line' id='line_1_13' title="bbox 361 2364 939 2452; baseline 0.009 -25"><span class='ocrx_word' id='word_1_75' title='bbox 361 2364 498 2430; x_wconf 84' lang='lat' dir='ltr'>Afferere</span> <span class='ocrx_word' id='word_1_76' title='bbox 512 2366 633 2451; x_wconf 92' lang='lat' dir='ltr'>eloquio</span> <span class='ocrx_word' id='word_1_77' title='bbox 645 2366 763 2452; x_wconf 85' lang='lat' dir='ltr'>publica</span> <span class='ocrx_word' id='word_1_78' title='bbox 777 2366 853 2450; x_wconf 85' lang='lat' dir='ltr'>Jura</span> <span class='ocrx_word' id='word_1_79' title='bbox 866 2367 939 2432; x_wconf 89' lang='lat' dir='ltr'>suo:</span> 
     </span>
     <span class='ocr_line' id='line_1_14' title="bbox 319 2496 893 2586; baseline 0.005 -25"><span class='ocrx_word' id='word_1_80' title='bbox 319 2496 369 2562; x_wconf 86' lang='lat' dir='ltr'>illi</span> <span class='ocrx_word' id='word_1_81' title='bbox 382 2497 516 2582; x_wconf 80' lang='lat' dir='ltr'>Pittaeos,</span> <span class='ocrx_word' id='word_1_82' title='bbox 531 2500 767 2586; x_wconf 78' lang='lat' dir='ltr'>immortalesque</span> <span class='ocrx_word' id='word_1_83' title='bbox 781 2500 893 2566; x_wconf 71' lang='lat' dir='ltr'>secuti*</span> 
     </span>
    </p>
   </div>
   <div class='ocr_carea' id='block_1_6' title="bbox 317 2635 1298 3397">
    <p class='ocr_par' dir='ltr' id='par_1_6' title="bbox 319 2635 1298 2859">
     <span class='ocr_line' id='line_1_15' title="bbox 363 2635 1298 2721; baseline -0.004 -17"><span class='ocrx_word' id='word_1_84' title='bbox 363 2638 513 2718; x_wconf 82' lang='lat' dir='ltr'>Burkaeos,</span> <span class='ocrx_word' id='word_1_85' title='bbox 523 2639 632 2721; x_wconf 82' lang='lat' dir='ltr'>pariter</span> <span class='ocrx_word' id='word_1_86' title='bbox 645 2635 895 2704; x_wconf 76' lang='lat' dir='ltr'>nomenedastra</span> <span class='ocrx_word' id='word_1_87' title='bbox 908 2637 1014 2702; x_wconf 84' lang='lat' dir='ltr'>ferent.</span> <span class='ocrx_word' id='word_1_88' title='bbox 1218 2637 1298 2702; x_wconf 84' lang='lat'><strong>1060</strong></span> 
     </span>
     <span class='ocr_line' id='line_1_16' title="bbox 319 2735 1113 2859; baseline -0.005 -23"><span class='ocrx_word' id='word_1_89' title='bbox 319 2735 408 2858; x_wconf 61' lang='lat' dir='ltr'>Quis</span> <span class='ocrx_word' id='word_1_90' title='bbox 416 2774 504 2859; x_wconf 75' lang='lat' dir='ltr'>juvat</span> <span class='ocrx_word' id='word_1_91' title='bbox 516 2771 567 2836; x_wconf 77' lang='lat' dir='ltr'>uc</span> <span class='ocrx_word' id='word_1_92' title='bbox 582 2772 702 2836; x_wconf 69' lang='lat' dir='ltr'>merres</span> <span class='ocrx_word' id='word_1_93' title='bbox 713 2770 781 2834; x_wconf 76' lang='lat' dir='ltr'>me</span> <span class='ocrx_word' id='word_1_94' title='bbox 797 2767 1035 2854; x_wconf 63' lang='lat' dir='ltr'>onmjauru,</span> <span class='ocrx_word' id='word_1_95' title='bbox 1049 2767 1113 2832; x_wconf 68' lang='lat' dir='ltr'>uas</span> 
     </span>
    </p>

    <p class='ocr_par' dir='ltr' id='par_1_7' title="bbox 318 2900 1189 3122">
     <span class='ocr_line' id='line_1_17' title="bbox 361 2900 1123 2989; baseline 0 -23"><span class='ocrx_word' id='word_1_96' title='bbox 361 2903 423 2987; x_wconf 89' lang='lat' dir='ltr'>Jus</span> <span class='ocrx_word' id='word_1_97' title='bbox 437 2924 560 2989; x_wconf 81' lang='lat' dir='ltr'>aequum</span> <span class='ocrx_word' id='word_1_98' title='bbox 574 2903 606 2965; x_wconf 91' lang='lat' dir='ltr'>in</span> <span class='ocrx_word' id='word_1_99' title='bbox 618 2901 719 2964; x_wconf 84' lang='lat' dir='ltr'>laudes</span> <span class='ocrx_word' id='word_1_100' title='bbox 729 2902 853 2986; x_wconf 79' lang='lat' dir='ltr'>quisque</span> <span class='ocrx_word' id='word_1_101' title='bbox 868 2900 1011 2965; x_wconf 81' lang='lat' dir='ltr'>Scholaris</span> <span class='ocrx_word' id='word_1_102' title='bbox 1023 2904 1123 2967; x_wconf 87' lang='lat' dir='ltr'>habet.</span> 
     </span>
     <span class='ocr_line' id='line_1_18' title="bbox 318 3031 1189 3122; baseline 0.007 -24"><span class='ocrx_word' id='word_1_103' title='bbox 318 3035 403 3098; x_wconf 86' lang='lat' dir='ltr'>Huic</span> <span class='ocrx_word' id='word_1_104' title='bbox 417 3050 490 3122; x_wconf 77' lang='lat' dir='ltr'>toga</span> <span class='ocrx_word' id='word_1_105' title='bbox 503 3033 658 3098; x_wconf 79' lang='lat' dir='ltr'>materiam</span> <span class='ocrx_word' id='word_1_106' title='bbox 671 3031 713 3096; x_wconf 90' lang='lat' dir='ltr'>est</span> <span class='ocrx_word' id='word_1_107' title='bbox 726 3031 840 3112; x_wconf 56' lang='lat' dir='ltr'>iimiiisq</span> <span class='ocrx_word' id='word_1_108' title='bbox 856 3034 1025 3120; x_wconf 71' lang='lat' dir='ltr'>diverhque</span> <span class='ocrx_word' id='word_1_109' title='bbox 1039 3038 1189 3116; x_wconf 81' lang='lat' dir='ltr'>formam3</span> 
     </span>
    </p>

    <p class='ocr_par' dir='ltr' id='par_1_8' title="bbox 317 3165 1297 3397">
     <span class='ocr_line' id='line_1_19' title="bbox 359 3165 1164 3251; baseline 0.01 -21"><span class='ocrx_word' id='word_1_110' title='bbox 359 3165 507 3251; x_wconf 79' lang='lat' dir='ltr'>Namque</span> <span class='ocrx_word' id='word_1_111' title='bbox 521 3165 627 3247; x_wconf 81' lang='lat' dir='ltr'>amplis</span> <span class='ocrx_word' id='word_1_112' title='bbox 640 3165 765 3230; x_wconf 80' lang='lat' dir='ltr'>manicis</span> <span class='ocrx_word' id='word_1_113' title='bbox 779 3166 899 3230; x_wconf 76' lang='lat' dir='ltr'>brachia</span> <span class='ocrx_word' id='word_1_114' title='bbox 912 3169 1021 3232; x_wconf 67' lang='lat' dir='ltr'>arnic&#39;m</span> <span class='ocrx_word' id='word_1_115' title='bbox 1035 3184 1164 3238; x_wconf 85' lang='lat' dir='ltr'>tument.</span> 
     </span>
     <span class='ocr_line' id='line_1_20' title="bbox 317 3295 1297 3397; baseline 0.006 -35"><span class='ocrx_word' id='word_1_116' title='bbox 317 3297 440 3364; x_wconf 78' lang='lat' dir='ltr'>Cretera</span> <span class='ocrx_word' id='word_1_117' title='bbox 453 3299 505 3361; x_wconf 86' lang='lat' dir='ltr'>vix</span> <span class='ocrx_word' id='word_1_118' title='bbox 519 3297 577 3362; x_wconf 87' lang='lat' dir='ltr'>iilis</span> <span class='ocrx_word' id='word_1_119' title='bbox 590 3298 639 3362; x_wconf 88' lang='lat' dir='ltr'>hic</span> <span class='ocrx_word' id='word_1_120' title='bbox 654 3295 814 3380; x_wconf 83' lang='lat' dir='ltr'>discrepat:</span> <span class='ocrx_word' id='word_1_121' title='bbox 837 3321 924 3384; x_wconf 76' lang='lat' dir='ltr'>aequa</span> <span class='ocrx_word' id='word_1_122' title='bbox 934 3300 1078 3368; x_wconf 87' lang='lat' dir='ltr'>librorum</span> <span class='ocrx_word' id='word_1_123' title='bbox 1217 3312 1275 3380; x_wconf 86' lang='lat'>106</span> <span class='ocrx_word' id='word_1_124' title='bbox 1277 3327 1297 3397; x_wconf 74' lang='grc' dir='ltr'><strong>ς</strong></span> 
     </span>
    </p>
   </div>
   <div class='ocr_carea' id='block_1_7' title="bbox 360 3431 1074 3519">
    <p class='ocr_par' dir='ltr' id='par_1_9' title="bbox 360 3431 1074 3519">
     <span class='ocr_line' id='line_1_21' title="bbox 360 3431 1074 3519; baseline 0.006 -21"><span class='ocrx_word' id='word_1_125' title='bbox 360 3435 444 3498; x_wconf 88' lang='lat' dir='ltr'>Huic</span> <span class='ocrx_word' id='word_1_126' title='bbox 458 3445 591 3497; x_wconf 90' lang='lat' dir='ltr'>mentem</span> <span class='ocrx_word' id='word_1_127' title='bbox 602 3445 734 3515; x_wconf 86' lang='lat' dir='ltr'>torquet,</span> <span class='ocrx_word' id='word_1_128' title='bbox 746 3431 842 3496; x_wconf 85' lang='lat' dir='ltr'>laudis</span> <span class='ocrx_word' id='word_1_129' title='bbox 857 3448 890 3498; x_wconf 90' lang='lat' dir='ltr'>et</span> <span class='ocrx_word' id='word_1_130' title='bbox 902 3457 989 3519; x_wconf 82' lang='lat' dir='ltr'>aequa</span> <span class='ocrx_word' id='word_1_131' title='bbox 1002 3435 1074 3502; x_wconf 85' lang='lat' dir='ltr'>fitis.</span> 
     </span>
    </p>
   </div>
   <div class='ocr_carea' id='block_1_8' title="bbox 315 3623 1351 3940">
    <p class='ocr_par' dir='ltr' id='par_1_10' title="bbox 315 3623 1351 3940">
     <span class='ocr_line' id='line_1_22' title="bbox 351 3623 1301 3740; baseline 0.018 -33"><span class='ocrx_word' id='word_1_132' title='bbox 351 3663 367 3692; x_wconf 62' lang='grc' dir='ltr'>ι</span> <span class='ocrx_word' id='word_1_133' title='bbox 385 3656 446 3709; x_wconf 74' lang='lat' dir='ltr'>rue</span> <span class='ocrx_word' id='word_1_134' title='bbox 457 3654 538 3725; x_wconf 77' lang='lat' dir='ltr'>mgu</span> <span class='ocrx_word' id='word_1_135' title='bbox 548 3623 690 3706; x_wconf 61' lang='lat' dir='ltr'>nomnen</span> <span class='ocrx_word' id='word_1_136' title='bbox 701 3653 819 3706; x_wconf 76' lang='lat' dir='ltr'>wuram</span> <span class='ocrx_word' id='word_1_137' title='bbox 829 3654 1301 3740; x_wconf 67' lang='lat' dir='ltr'>Pitucrranceuoroftheuxchequer,</span> 
     </span>
     <span class='ocr_line' id='line_1_23' title="bbox 315 3746 1351 3845; baseline 0.012 -33"><span class='ocrx_word' id='word_1_138' title='bbox 315 3746 1302 3833; x_wconf 58' lang='lat' dir='ltr'>momenmentumuenofneumuorcommeanmue.</span> <span class='ocrx_word' id='word_1_139' title='bbox 1349 3842 1351 3845; x_wconf 16' lang='grc' dir='ltr'>Ι</span> 
     </span>
     <span class='ocr_line' id='line_1_24' title="bbox 316 3861 1074 3940; baseline 0.008 -23"><span class='ocrx_word' id='word_1_140' title='bbox 316 3863 421 3918; x_wconf 79' lang='lat' dir='ltr'>fulmen</span> <span class='ocrx_word' id='word_1_141' title='bbox 435 3861 474 3917; x_wconf 90' lang='lat' dir='ltr'>for</span> <span class='ocrx_word' id='word_1_142' title='bbox 485 3863 549 3919; x_wconf 85' lang='lat' dir='ltr'>their</span> <span class='ocrx_word' id='word_1_143' title='bbox 559 3861 697 3935; x_wconf 75' lang='lat' dir='ltr'>eloquente,</span> <span class='ocrx_word' id='word_1_144' title='bbox 714 3863 762 3916; x_wconf 80' lang='lat' dir='ltr'>und</span> <span class='ocrx_word' id='word_1_145' title='bbox 780 3862 833 3916; x_wconf 82' lang='lat' dir='ltr'>love</span> <span class='ocrx_word' id='word_1_146' title='bbox 844 3863 874 3918; x_wconf 88' lang='lat' dir='ltr'>of</span> <span class='ocrx_word' id='word_1_147' title='bbox 883 3864 948 3918; x_wconf 82' lang='lat' dir='ltr'>their</span> <span class='ocrx_word' id='word_1_148' title='bbox 959 3880 1074 3940; x_wconf 83' lang='lat' dir='ltr'>country.</span> 
     </span>
    </p>
   </div>
   <div class='ocr_carea' id='block_1_9' title="bbox 0 0 1772 5017">
    <p class='ocr_par' dir='ltr' id='par_1_11' title="bbox 0 0 1772 5017">
     <span class='ocr_line' id='line_1_25' title="bbox 0 0 1772 5017; baseline 0 2"><span class='ocrx_word' id='word_1_149' title='bbox 0 0 1772 5017; x_wconf 95' lang='lat' dir='ltr'> </span> 
     </span>
    </p>
   </div>
  </div>
 </body>
</html>
