3534 5017
886 765 903 847 [
949 783 986 830 ¹2
1029 763 1046 848 l

480 905 575 994 Perge
589 909 678 986 viam,
692 915 803 992 et'quae
817 907 894 974 stant
906 927 1099 976 monumenta
1111 912 1354 1000 infignia'dextrl

520 1045 628 1127 Aspice
640 1065 648 1106 ε
664 1045 789 1130 Reginae
800 1047 901 1109 nobile
913 1069 1026 1112 nomen
1038 1051 1159 1116 habent.

477 1178 585 1244 Paucis
598 1181 664 1244 ante
677 1185 772 1261 annis,
786 1183 877 1268 regali
891 1181 1012 1249 condita
1023 1185 1110 1264 luiru,

518 1316 630 1400 Regale
643 1315 790 1380 ostentant
803 1317 950 1399 splendida
963 1317 1042 1382 πᾶα
1055 1341 1163 1405 genus.

466 1442 557 1508 'Aula
569 1445 688 1528 duplex,
701 1444 817 1509 circrim
831 1445 975 1510 laetiffima
987 1449 1129 1530 porticus,
1143 1450 1246 1531 aldis,

516 1580 700 1646 Bibliotheca
712 1583 828 1667 ingens,
842 1582 893 1644 hic
907 1603 985 1644 nova
998 1583 1108 1646 conch
1121 1585 1245 1649 micant.

474 1715 594 1793 Cernis,
608 1732 642 1779 ut
654 1717 684 1778 in
698 1716 813 1777 summo
827 1681 974 1777 teciorum
991 1715 1133 1794 culmine,
1148 1729 1260 1796 ternas,

513 1847 638 1913 Grande
652 1848 754 1923 decus,
767 1845 874 1910 statuas
889 1845 1198 1929 quaelibetalaferat?
1387 1867 1455 1914 100

470 1977 591 2042 Limina
605 1981 700 2062 prima
713 1981 806 2061 super,
820 1981 935 2042 levibus
948 1981 1086 2043 decorata
1097 1981 1260 2059 columnis,

484 2091 487 2096 Ι
508 2109 673 2172 Turricula
682 2109 737 2188 est,
750 2110 847 2192 lepido
858 2113 1063 2173 concamerata
1075 2112 1175 2176 modo.

469 2237 598 2303 fornice
611 2241 662 2301 sub
676 2239 782 2316 nitido,
796 2237 882 2302 fimul
896 2254 928 2302 et
941 2239 1062 2322 Regina
1075 2240 1193 2304 videtur

509 2371 669 2450 Munifica,
682 2386 715 2435 et
728 2373 869 2435 memoris
884 2372 979 2456 gratia
988 2373 1069 2459 justa
1080 2369 1216 2439 Domies.

466 2508 606 2590 Principe
620 2505 780 2570 Gallorum
796 2505 1052 2588 Luxemburgerfia
1063 2508 1101 2570 ab
1114 2509 1221 2586 urbe*‚
1267 2473 1271 2478 -
1383 2527 1446 2594 105

507 2638 665 2700 Transsata
679 2633 837 2698 Oxonium
851 2634 930 2696 tecla
944 2635 1064 2715 superba
1078 2651 1174 2716 putas.

459 2773 543 2838 'Haec
557 2770 671 2848 contri,
685 2771 782 2834 formai
794 2769 840 2832 sed
855 2767 1030 2850 simpliciora
1042 2764 1185 2848 modesta,

505 2913 620 2976 Alfredi
635 2911 736 2996 magni
749 2910 830 2994 regia
844 2867 920 2971 dona
933 2907 1028 2971 vides.

464 3047 581 3116 Oxonii
594 3049 658 3111 haec
674 3045 776 3121 habuit
789 3043 936 3106 cunabula
948 3041 1044 3123 prima
1055 3035 1205 3118 Palaestra,

503 3183 670 3245 Terrarum
683 3177 798 3241 cunetis
808 3191 879 3239 nota
893 3173 1033 3238 Palaestra
1044 3173 1132 3236 locis.
1375 3197 1438 3244 110

462 3311 619 3397 Qrantirm
634 3327 733 3374 autem
743 3309 821 3392 Regi
836 3305 952 3389 praestat
960 3305 1089 3390 Regina,
1100 3304 1226 3388 superbo

440 3432 446 3440 ’
503 3447 597 3511 Cultu
612 3444 762 3528 exquifitae
776 3442 874 3521 vestis,
888 3459 920 3507 ct
932 3459 994 3506 arte
1005 3465 1126 3519 comae3

490 3668 506 3697 ⁸
524 3662 552 3713 A
565 3661 669 3732 striking
687 3658 847 3713 resemblance
858 3669 886 3709 to
903 3657 944 3708 the
963 3654 1033 3727 royal
1048 3653 1134 3726 palace
1153 3654 1186 3710 oi
1203 3657 1390 3734 Luxembmg,
1406 3663 1437 3716 in

461 3765 540 3818 Paris.
