3534 5017
918 797 937 882 i
980 813 1022 882 54
1066 797 1082 881 ]

516 943 593 1010 Sunt
606 943 666 1022 alii,
680 940 819 1026 oppofitae
834 943 925 1026 pratis
936 945 1140 1024 viridantibus,
1156 943 1252 1008 AEdes

557 1079 637 1162 Qrae
649 1077 781 1165 jucundi
795 1077 899 1140 oculos
913 1075 1097 1160 simplicitate
1113 1079 1244 1142 trahunt.

515 1209 570 1276 Illa
582 1233 644 1294 per,
659 1211 771 1296 irriguo
785 1211 910 1274 ridentia
924 1213 1069 1298 gramine,
1083 1229 1165 1297 prata

557 1346 627 1410 Nos
641 1345 765 1432 longum
780 1345 899 1408 tandem
913 1345 1107 1409 conficiamus
1122 1347 1187 1409 iter.

513 1473 583 1542 Nec
599 1471 784 1556 lidertonetfis
797 1487 897 1537 curam
911 1475 1097 1537 occurrentia
1110 1476 1198 1538 turris
1426 1473 1482 1560 985

558 1609 622 1692 Ipsa
636 1625 717 1673 tuam
731 1609 829 1673 sistent
842 1611 974 1674 culmina
987 1627 1057 1675 nota
1067 1613 1159 1676 viam.

516 1744 600 1813 Nam
615 1747 669 1808 tibi
685 1743 767 1809 Diva
780 1745 859 1809 suam
876 1747 1002 1812 ostendit
1011 1749 1075 1835 jam
1089 1747 1237 1832 Magdala
1252 1751 1371 1830 turrim,

560 1879 632 1960 Cui,
647 1883 784 1965 quamvis
799 1879 895 1962 finili,
910 1885 1003 1969 gratia
1019 1887 1114 1975 major
1128 1885 1214 1949 inest.

518 2007 630 2088 Mater,
642 2009 765 2091 pulchra
821 2011 836 2112 ’ἱ
923 2013 969 2076 sed
984 2015 1072 2096 pauld
1086 2016 1246 2099 antiquior,
1262 2018 1310 2081 illa
1325 2015 1377 2097 est,

557 2147 656 2211 Coutr
776 2091 911 2211 uiainiis
921 2171 934 2234 J
999 2147 1060 2212 iere
1073 2150 1325 2232 corpushabens3
1404 2165 1478 2235 φο

517 2278 594 2344 Haec
609 2277 651 2342 est
687 2215 745 2436 d}
760 2239 872 2344 ὦ
884 2281 960 2363 prim
989 2303 1028 2344 vo
1041 2261 1266 2368 iiorejuventae,

698 2441 748 2511 ¹rm
761 2435 854 2483 retine
977 2422 1037 2484 oris
1052 2443 1141 2485 omne
1151 2421 1253 2485 decus.

516 2510 879 2649 QInMertiiifffgrss
918 2553 1079 2639 ,Diuique
1093 2554 1220 2641 Joannis
1276 2573 1281 2586 ·

559 2692 650 2757 Horti
664 2689 774 2774 aliquid
788 2689 899 2772 parilis,
909 2689 1126 2775 consrmiiisque
1140 2694 1247 2756 ferunt.

517 2831 636 2896 Horum
647 2826 713 2892 ilios
723 2825 855 2914 jucunda
869 2839 955 2909 putas
965 2828 1161 2910 compendia:
1184 2799 1219 2889 ut
1231 2827 1315 2892 ardio
1425 2840 1477 2911 995
1521 2792 1522 2801 ἵ

559 2960 713 3028 Orbiculo
727 2981 778 3023 ora
792 2960 848 3022 viri
863 2957 942 3041 pidia
955 2959 1063 3045 tabella
1075 2959 1176 3022 refert.

518 3096 613 3183 Ergo,
628 3117 690 3159 non
703 3095 809 3170 hortiS,
822 3093 903 3158 sacri
916 3115 978 3157 non
991 3094 1071 3158 AEde
1084 3109 1227 3174 retentus,
1241 3069 1244 3074 Ι

561 3235 720 3301 Continui)
734 3255 854 3330 mecum
867 3245 950 3316 prata
963 3232 1128 3316 propinqua
1140 3244 1232 3313 petas.

519 3374 573 3442 Est
588 3388 716 3456 tempus,
729 3371 793 3436 toti
807 3390 868 3454 quo
882 3335 1016 3453 quisquit
1026 3379 1115 3428 notus
1129 3364 1161 3427 in
1175 3363 1274 3441 Urbe,

560 3505 681 3573 AEstivo
694 3519 792 3588 captat
804 3504 915 3600 frigora
929 3521 1047 3563 amoena
1061 3499 1120 3561 die.

521 3641 583 3706 Hic
597 3639 693 3704 ulmos
708 3639 795 3716 inter,
810 3635 944 3702 frondosa
957 3605 1245 3713 cacumina‘cemim

563 3773 603 3840 Se
615 3774 739 3863 longum
753 3773 837 3840 red'to'
847 3773 965 3842 tramite
978 3769 1080 3862 pandit
1090 3769 1156 3837 iter.
