3534 5017
724 733 887 821 [η]

299 887 406 967 Alter,
423 887 563 951 Libertas
577 906 638 970 quo
653 883 708 948 stet
723 883 906 959 fundamine,
917 877 1030 976 Gentis

346 1023 435 1107 Qaae
448 1021 540 1106 leges,
556 1041 623 1102 quae
637 1017 693 1080 frnt
707 1017 823 1100 publica
838 1013 924 1098 Jura,
934 1014 1018 1098 legit.
1230 1027 1293 1077 200

300 1157 418 1242 AEquai
433 1155 508 1220 alius
523 1154 624 1238 pendit
638 1153 842 1218 Monumenta
856 1153 985 1216 recentia
998 1152 1098 1216 libra·

347 1289 494 1383 Sedulus,
511 1302 600 1371 atque
614 1287 709 1350 oculis
723 1287 828 1373 objicit
843 1285 893 1349 illa
903 1287 983 1360 tuis;

299 1426 458 1508 Dumque
471 1423 580 1486 Virum
595 1421 702 1506 pingit,
717 1419 738 1484 si
752 1407 871 1506 qudndd
886 1433 1032 1500 occurrat,
1044 1421 1212 1504 honestum,

347 1561 496 1650 Effigiem
512 1559 619 1642 pingit,
639 1557 752 1620 nescius
766 1557 835 1642 ipse,
849 1557 941 1620 fuam.

299 1695 424 1779 Tuque
439 1705 525 1754 tuum
539 1689 661 1770 Vatem,
675 1705 727 1755 tua
741 1692 792 1776 qui
808 1689 950 1755 miracula
963 1704 1046 1754 certo
1134 1753 1136 1755 ,
1226 1709 1287 1775 205

345 1833 490 1916 Explicet
504 1855 556 1895 ore
569 1832 666 1918 sagax,
683 1831 765 1896 Diva
780 1829 895 1910 Podfrs,
910 1831 1013 1926 habes.

302 1971 397 2057 Quin
411 1984 452 2048 et,
466 1967 616 2032 dulcisono
629 1969 736 2032 cantius
750 1966 961 2046 modulamine,
976 1967 1059 2033 latas

346 2104 536 2170 Demulcere
550 2125 634 2168 aures
651 2100 769 2166 Musica
784 2100 890 2166 blanda
904 2099 987 2166 folet.

300 2241 452 2305 Proxima
464 2240 510 2304 fed
520 2237 651 2326 Logices
664 2238 771 2302 Schola
782 2215 969 2319 nosinvitat,
982 2239 1100 2322 utrique

347 2374 446 2440 Ultro
460 2377 608 2440 thesauros
622 2375 788 2440 exhibitura
802 2375 879 2438 suos.

302 2510 512 2600 Ponffretiana
527 2512 579 2575 fuo
592 2510 784 2575 celeberrima
799 2508 956 2574 Marmora
970 2507 1069 2590 celat,⁸

348 2646 503 2730 Spirantrs
519 2645 647 2724 Statuas,
664 2645 815 2732 Signaque
830 2643 900 2708 viva
914 2639 991 2707 sinu.

300 2779 429 2856 Cernis,
444 2779 488 2842 uti
502 2779 623 2858 Cicero,
639 2777 796 2840 meditatus
810 2775 938 2840 fulmina
951 2773 1045 2854 vocis,

348 2911 565 2998 Grandiloquo
578 2914 735 3000 indignans
748 2933 800 2974 ore
813 2927 917 2974 tonare
931 2906 1035 2990 parat?

301 3044 442 3110 Graecus
453 3059 486 3107 ut
498 3044 623 3123 Orator,
634 3067 702 3129 quae
716 3044 802 3108 sentit
815 3043 945 3125 pectore,
956 3040 1058 3104 dextra
1226 3061 1262 3108 21
1269 3058 1288 3124 ς

350 3173 518 3252 Monstrat,
534 3191 564 3240 et
577 3175 695 3262 eloquio
710 3177 799 3239 corda
812 3189 930 3258 potente
943 3173 1044 3258 rapit?
1148 3216 1151 3223 -

301 3311 356 3374 Ut
369 3307 472 3371 somno
485 3307 571 3372 fellus
585 3309 635 3372 dat
648 3309 748 3373 mollia
759 3311 892 3374 membra
906 3308 1039 3392 Cupido,

351 3444 436 3508 Cum
452 3443 608 3530 Pueroque
622 3443 701 3508 malo
716 3444 773 3509 tela
786 3443 1018 3532 quietajacent?

338 3633 356 3664 ³*
377 3627 435 3680 The
447 3627 511 3679 Rev.
526 3629 574 3680 Dr.
591 3627 696 3687 Nowell‚
710 3627 835 3698 Principal
846 3627 876 3680 of
895 3629 931 3680 St.
944 3629 1021 3699 Mary
1032 3627 1102 3691 Hall,
1117 3630 1164 3682 and
1174 3629 1292 3690 Professor

297 3728 333 3782 of
348 3725 456 3781 Modern
469 3725 583 3796 History3
601 3744 615 3776 a
626 3726 764 3796 gentlrmau
771 3727 826 3780 weh
837 3729 929 3780 known
940 3727 979 3782 for
990 3730 1028 3782 his
1039 3729 1158 3805 learning,
1166 3731 1290 3796 mildnrss,

296 3829 381 3901 polite
390 3845 513 3892 manners,
526 3828 572 3880 and
583 3827 652 3883 exuti
661 3829 770 3899 probity.

787 3917 807 3962 B
