3534 5017
771 775 787 860 [
832 785 870 860 27
916 771 931 855 ]

356 934 403 997 Ar
417 932 508 995 niveo
519 925 654 1010 inprimis
664 922 767 986 ductos
781 921 798 984 ὲ
813 941 963 985 marmore
974 917 1084 997 vultus,

400 1067 466 1150 Qui
480 1064 566 1147 supra
579 1059 735 1147 effulgent,
750 1059 894 1159 intueare,
907 1058 1011 1120 velim.

354 1201 483 1278 Cernis,
498 1213 533 1262 ut
543 1197 666 1284 insignis
680 1197 756 1260 facie
769 1211 800 1258 et
811 1194 1029 1277 splendentibus
1042 1194 1110 1272 alis,

400 1333 546 1398 AEtherei
561 1331 688 1398 Gabriel
704 1329 804 1395 missus
818 1329 855 1393 ab
869 1351 947 1408 arce,
961 1329 1076 1392 micat?

355 1471 461 1558 Erigit
474 1473 523 1535 hic
538 1471 649 1535 laevum
663 1469 699 1534 ad
713 1467 839 1534 calestia
855 1467 934 1531 testa
944 1466 1107 1544 lacertum

401 1604 515 1668 Pacalis
526 1604 630 1666 dextri
645 1603 741 1688 fulget
754 1602 832 1664 oliva
846 1609 951 1664 manui

356 1739 506 1826 Virginea
516 1739 584 1802 inde*
598 1739 702 1803 oculos
716 1739 865 1802 convertit
879 1739 911 1800 in
925 1759 977 1800 ora
990 1735 1151 1817 modestos,

399 1875 611 1961 Prociduoque
623 1897 704 1960 genu
719 1875 840 1959 grandia
851 1871 927 1959 Juffa
938 1869 1036 1937 refert.

355 2010 496 2075 Vocibus
510 2023 636 2074 attentas
650 2029 735 2072 aures
749 2009 887 2086 advertit,
902 2022 932 2071 at
946 2008 1041 2091 ipsum

399 2140 547 2224 Inspicere
562 2140 721 2226 Aligerum
732 2137 832 2224 Virgo
843 2141 949 2223 pudica
959 2141 1052 2204 timet.

357 2277 483 2342 Eminet
497 2277 529 2339 in
544 2289 609 2338 toto
624 2272 765 2357 praeclara
774 2272 916 2336 modestia
930 2273 1025 2353 vultu,

400 2409 444 2475 Et
457 2411 553 2474 mixto
567 2408 736 2492 obsequitur
750 2405 827 2470 casta
839 2407 937 2490 puella
951 2422 1045 2470 metu.

355 2539 454 2610 Neine
467 2563 569 2616 cerne,
583 2554 617 2602 ut
631 2549 777 2618 seherum,
793 2528 888 2603 mater
901 2538 1036 2617 studiosa,
1051 2540 1184 2624 puellum

400 2674 639 2778 Luminibusque
651 2689 749 2753 vorat,
764 2673 928 2756 blandaque
940 2673 1032 2736 corde
1046 2674 1137 2737 fovet.

357 2813 449 2878 Dum
462 2832 587 2896 pronus,
597 2823 793 2893 mentumque
809 2829 898 2871 manu
913 2808 1065 2883 subnixus,
1081 2807 1182 2889 loseph

400 2947 439 3012 In
453 2947 581 3010 sanciam
595 2945 725 3009 sobolem
740 2917 854 3008 lumina
868 2943 936 3028 figit
948 2944 1044 3008 hians.

356 3075 446 3144 Parte
460 3077 530 3154 alia,
545 3073 658 3140 Christi
671 3074 791 3156 Corpus
807 3068 984 3151 venerabile,
997 3090 1115 3156 raptum

400 3215 467 3278 Vix
480 3234 582 3289 cruce,
598 3209 765 3296 pallescens,
781 3211 1015 3294 exanimumque
1030 3211 1122 3275 vides.

357 3353 419 3418 Vir
432 3353 500 3434 pius
514 3350 639 3416 extincti
654 3347 782 3412 Domini
792 3362 881 3430 caput
894 3347 1069 3411 inclinatum

399 3488 538 3552 Conatur
551 3485 679 3550 tremuli
691 3481 851 3548 sustinuisse
863 3505 966 3547 manu.

357 3621 460 3706 Virgo
474 3633 588 3698 autem,
605 3619 740 3683 manibus
748 3619 872 3706 jundiis,
886 3640 1023 3704 exangue
1035 3618 1160 3683 cadaver

402 3754 556 3836 Prospicit,
572 3753 685 3839 ingenti
700 3749 798 3835 quassa
812 3741 912 3815 dolore
923 3751 1044 3817 Parem.
1127 3826 1133 3838 ,
1151 3775 1155 3782 ·
