3534 5017
856 779 872 860 i
919 776 957 840 ¹8
1003 774 1018 857 ]

453 931 555 1016 Quam
566 950 638 1012 puer
653 929 730 991 idem
745 925 817 988 oiim
832 925 978 988 radicibus
992 925 1070 987 eruit
1084 925 1168 1002 imis,

493 1064 582 1130 Heu!
606 1065 717 1127 miserae
728 1061 835 1149 Trojae
849 1063 955 1125 rudera
967 1059 1074 1125 moesta
1085 1061 1179 1125 vides.
1377 1082 1446 1128 220

452 1197 529 1262 Non
544 1212 589 1261 tot
604 1199 764 1284 Signorum
780 1219 950 1279 percurram
964 1198 1097 1276 nomine,
1115 1217 1184 1280 quae
1199 1209 1234 1258 tu

496 1331 561 1394 Vix
575 1353 635 1394 uno
644 1331 694 1394 hic
709 1332 794 1412 podis
807 1351 928 1394 cernere
942 1329 1052 1391 cundia
1064 1328 1123 1392 die.

458 1463 543 1550 Ergo
556 1487 603 1543 ea,
617 1487 685 1550 quae
698 1465 836 1527 dicuntur
851 1462 1061 1541 Arundeliana,
1074 1478 1210 1545 petamus

497 1599 662 1678 Marmora,
677 1599 778 1663 vicino
792 1599 886 1662 multa
899 1598 1012 1680 reposta
1029 1599 1107 1662 loco.

456 1737 544 1815 Haec‚
559 1753 611 1800 aut
623 1737 758 1799 falsorum
774 1733 907 1818 praebent
920 1733 1073 1799 simulacra
1086 1735 1237 1817 Deorum,

497 1875 579 1958 Qrae
593 1869 693 1946 nimis,
704 1865 780 1932 heu!
805 1865 950 1929 Veterum
965 1866 1084 1949 pedion
1097 1889 1180 1932 caeca
1192 1869 1347 1953 probant;

460 2009 681 2074 Numinibusve
697 2005 758 2070 istis
773 2007 870 2070 eredta
883 2007 996 2084 altaria,
1007 2007 1086 2071 Vasa

498 2121 674 2224 Omnigena
688 2136 846 2216 ostentant,
861 2109 1122 2222 magnanimosque
1136 2141 1240 2207 Viros.

459 2279 604 2362 Pleraque
618 2277 664 2339 vel
680 2273 803 2350 Graece,
819 2273 865 2336 vel
880 2275 946 2337 suut
960 2274 1097 2356 inscripta
1111 2273 1231 2356 Latine,

499 2415 611 2498 Teque
621 2413 713 2498 hujus
728 2409 839 2472 Mundi
854 2424 987 2492 tempora
1003 2411 1096 2493 prisca
1106 2413 1224 2476 docent.
1377 2438 1396 2482 2
1399 2438 1445 2508 3⁰

458 2546 526 2609 Hoc
542 2558 641 2605 autem
656 2538 839 2621 imprimis‚e
850 2540 945 2602 multo
960 2542 1104 2628 fragmine
1117 2543 1268 2626 constans,

501 2679 669 2760 Antiquum
685 2689 797 2737 attento
811 2673 923 2738 lumine
938 2700 1069 2743 marmor
1081 2683 1142 2745 obi.

458 2811 621 2894 Quotquot
634 2805 788 2869 Athenaeis
803 2807 903 2892 Reges
918 2810 948 2873 in
962 2815 1112 2877 moenibus
1126 2816 1209 2897 olim,

501 2943 531 3004 A
547 2939 684 3022 Cecrope
699 2941 734 3004 ad
749 2939 897 3021 Codrum,
912 2942 1024 3026 sceptra
1037 2947 1130 3010 tulere
1141 2972 1246 3028 manu,

459 3081 578 3146 Horum
591 3103 635 3146 res
649 3079 755 3168 gestas,
769 3080 935 3166 diversaque
950 3085 1082 3161 nomina,
1094 3083 1191 3150 Graii

504 3218 560 3281 Tu
576 3217 708 3304 Lingui,
721 3217 802 3298 pario
816 3219 873 3278 hoc
889 3241 1049 3296 marmore,
1064 3207 1168 3304 scripta
1180 3223 1268 3310 legis.

461 3353 604 3416 Vendidit
616 3353 677 3429 hae,
694 3351 757 3413 auri
772 3350 852 3411 tenui
866 3373 919 3430 pro
932 3351 1071 3430 pondere,
1084 3377 1218 3439 gemmas

504 3484 622 3567 Turpis
637 3483 799 3559 AvaritieS,
814 3481 1001 3546 Barbariesve
1015 3489 1113 3564 rudis;

464 3621 540 3696 Aut,
555 3619 629 3680 dites
643 3617 770 3692 fodiens,
788 3615 902 3700 Argiva
915 3637 965 3696 per
979 3639 1059 3696 arva,
1073 3622 1185 3700 ruinas,
1224 3637 1227 3641 ’

504 3750 630 3816 Detexit
643 3748 741 3827 solers,
753 3746 948 3829 surripuitque
963 3769 1078 3812 manus.
