3534 5017
877 747 893 832 [
938 746 978 814 ²⁶
1022 749 1038 832 J

463 888 630 954 Arboribus
645 892 751 973 patulis
765 893 872 978 duplex
888 898 936 960 via
949 897 1071 978 consuta,
1091 920 1199 984 opacas

505 1022 568 1087 Sub
583 1046 732 1098 ramorum
749 1029 880 1106 umbras,
895 1030 1004 1116 frigora
1019 1053 1136 1098 amoena
1149 1050 1248 1098 vocat.

461 1157 616 1240 Extremo,
631 1164 701 1226 artis
715 1184 802 1246 opus,
818 1165 920 1228 viridis
935 1187 1020 1228 mons
1035 1166 1126 1252 surgit
1140 1169 1172 1230 in
1185 1170 1285 1232 horto.

503 1295 607 1382 Quium
621 1297 697 1362 bene
712 1297 840 1362 Parnaffi
854 1298 986 1362 culmina
1000 1300 1086 1364 doeh
1099 1300 1207 1365 refert!

461 1427 527 1492 Cur
540 1446 639 1492 autem
654 1432 723 1494 hinc
733 1453 850 1513 nequeo
866 1432 1034 1496 nitidiffima
1048 1454 1169 1497 cernere
1183 1435 1295 1514 tenu,
1380 1459 1422 1526 39
1425 1456 1446 1520 5

501 1567 589 1653 Qrin
603 1568 724 1629 tumidis
740 1566 834 1630 oculis
848 1567 998 1653 lachryme
1011 1567 1105 1630 multa
1118 1566 1192 1630 fluat
1206 1566 1218 1628 ?

458 1706 510 1770 Ah
524 1702 531 1766 ἔ
554 1705 626 1768 mihi
639 1700 781 1793 Versalias
796 1705 886 1768 nimis
902 1705 950 1767 illa
963 1706 1072 1768 referre
1085 1705 1237 1785 videntur,

499 1839 572 1920 Qui
587 1839 681 1922 Regis
698 1838 791 1900 miseri
807 1837 909 1900 limina
923 1855 1005 1920 parte
1020 1837 1117 1901 subis:

459 1971 565 2036 Sontes
582 1969 735 2060 Verscrliar‚
751 1993 818 2055 quae
833 1973 937 2054 primae
952 1971 1087 2036 incendia
1101 1971 1177 2034 saeva

800 2668 863 2693 w·
911 2638 1023 2723 fulgeat
1039 2639 1097 2703 ulla
1111 2641 1219 2725 magiS.
1249 2652 1255 2663 ’

452 2775 561 2861 Qualis
576 2771 731 2860 majestas!
755 2771 876 2835 audacia
891 2787 1001 2854 quantu
1016 2768 1022 2833 !
1049 2770 1224 2835 Gothorum
1366 2792 1432 2856 405

492 2911 540 2974 Ut
551 2925 683 2973 veterum
700 2905 847 2970 ostentant
862 2908 960 2970 omnia
975 2909 1085 2992 grande
1100 2931 1194 2994 genus
1208 2908 1215 2970 l

448 3046 562 3112 Nonne
577 3044 708 3130 impreffa
721 3046 825 3128 probat
838 3045 1010 3122 reverentia,
1028 3044 1117 3127 quhm
1129 3042 1206 3107 bene
1220 3045 1334 3107 sucrum

490 3183 599 3268 Caligo
613 3185 676 3245 haec
692 3182 793 3244 deceat
808 3182 951 3266 relligiosa
965 3180 1088 3244 lotum?
1139 3233 1152 3249 ,

448 3319 571 3404 Singuha
586 3319 629 3381 sed
646 3316 765 3381 lustrare
777 3319 877 3402 juvet:
902 3337 1058 3400 pergamus
1073 3316 1108 3378 ad
1123 3339 1214 3395 aram,

489 3460 593 3543 Quam
608 3457 726 3519 decorat
737 3456 818 3518 dives
833 3457 1071 3540 marmoreosque
1083 3458 1167 3540 lapis.
1360 3476 1425 3544 410
1533 3506 1534 3529 r

365 3721 369 3732 Ι
394 3629 396 3636 ¹
476 3666 491 3695 ⁸
510 3658 594 3711 There
609 3658 630 3709 is
648 3667 743 3724 agreat
760 3653 861 3705 likeness
874 3655 981 3706 between
998 3635 1139 3708 the-second
1152 3657 1304 3727 quadrangle
1319 3657 1350 3709 of
1362 3659 1426 3711 New

440 3759 551 3828 college,
568 3758 640 3811 when
655 3757 706 3808 seen
724 3755 788 3808 from
806 3757 847 3807 the
866 3757 978 3818 Garden,
995 3757 1042 3810 and
1061 3758 1102 3810 the
1118 3769 1231 3812 entrance
1246 3756 1277 3811 of
1284 3760 1328 3811 the
1342 3758 1425 3828 Royal
1531 3782 1532 3787 ¹

441 3863 538 3925 Palaee,
550 3875 576 3916 ut
588 3861 724 3922 Versuilles‚
736 3858 799 3912 from
812 3860 892 3912 Paris.
