3534 5017
748 793 764 875 i
809 809 847 858 21
895 794 910 878 l

340 938 393 1004 Bis
407 952 454 1004 ter
467 935 635 1027 magnificis
649 937 740 1024 quim
754 938 832 1004 stant
845 942 921 1006 bene
933 943 1187 1010 fultaeolutnnis!
1259 947 1320 1032 285

383 1079 414 1144 Si
427 1078 515 1162 paulu
528 1077 622 1142 levior
636 1100 766 1163 quaeque
779 1080 920 1144 columna
932 1084 1017 1147 foret.

337 1213 528 1298 Quimbene
541 1214 723 1278 culminibus
735 1215 853 1298 sculptae
868 1215 1056 1298 praestantius
1070 1218 1141 1284 οᾶο

378 1345 531 1410 Excubias
545 1344 659 1424 statuae,
674 1347 777 1411 militis
789 1347 889 1428 instar,
904 1366 997 1436 agunt
1011 1349 1018 1414 !

336 1475 418 1542 Non
432 1478 504 1540 libet
520 1479 562 1544 ire
577 1477 658 1543 intui
670 1504 681 1554 3
703 1501 784 1559 nam,
799 1479 892 1566 longo
906 1480 924 1543 i
937 1496 1081 1566 tempore,
1095 1481 1184 1564 nosti,

382 1612 456 1697 Qui
469 1631 565 1676 novus
580 1613 611 1674 in
626 1610 724 1676 lucem
735 1614 857 1696 prodeat
870 1629 933 1677 arte
943 1612 1027 1679 liber.
1261 1637 1323 1705 290

338 1745 472 1825 Tuscis,
487 1761 521 1810 ut
532 1745 653 1829 fimplex
666 1749 822 1828 sententia,
836 1772 958 1833 voxque
971 1751 1105 1816 colorem

321 1933 326 1942 .
380 1884 424 1948 Et
437 1906 555 1968 corpus,
570 1884 659 1949 celeri
673 1886 860 1964 dexteritate,
875 1888 992 1950 trahant
1005 1912 1015 1962 ;

337 2019 385 2084 Ut
399 2020 590 2105 volucresque
600 2021 698 2098 sonos,
712 2021 900 2105 fugitivaque
914 2022 1003 2084 verba
1016 2035 1135 2086 tenaces

381 2150 608 2239 Constringant,
624 2151 714 2218 veluti
726 2153 846 2216 vincula
859 2149 955 2231 firma,
970 2153 1053 2238 Typi
1068 2179 1078 2228 ς

338 2287 390 2366 Et,
400 2288 472 2352 dum
487 2288 537 2352 sub
554 2288 646 2372 praelo
659 2288 733 2351 liber
748 2289 882 2374 ingemit,
899 2303 932 2351 ut
945 2290 1044 2374 gravis
1059 2289 1152 2375 ipsum
1258 2309 1319 2376 295

383 2421 507 2484 AutorIs
522 2421 624 2504 pedius
639 2421 802 2484 sollicitudo
818 2438 941 2505 premat.

338 2553 423 2640 Ergo
437 2568 518 2618 verte
532 2554 635 2618 oculos
649 2556 680 2619 iu
693 2556 829 2638 proxima
842 2555 938 2618 teeia:
962 2555 1090 2618 Theatti

381 2681 467 2746 Ecce
481 2684 534 2746 tibi
550 2685 578 2747 se
591 2684 618 2748 se
630 2685 730 2748 nobile
746 2686 858 2766 praebet
873 2702 962 2767 opus.

337 2815 410 2880 Pars
422 2818 497 2880 nitet
510 2817 651 2896 anterior,
665 2819 711 2882 bis
725 2818 799 2882 senis
813 2819 893 2882 clara
907 2818 1055 2883 columnis
1067 2845 1078 2895 ς

382 2947 565 3034 Ternaque,
580 2951 676 3014 fronte
691 2951 785 3034 super,
799 2954 865 3016 vasa
878 2953 998 3016 corusca
1011 2955 1105 3020 vides.
1262 2977 1324 3041 300

338 3085 514 3149 Turriculae
528 3087 637 3169 species
651 3087 865 3170 supereminet3
886 3105 975 3174 atque
990 3113 1133 3155 coronam

382 3217 486 3281 Unam
501 3219 566 3283 obit
579 3220 756 3285 innumerus
771 3220 955 3287 Pontificalis
967 3247 1060 3306 apex:

339 3357 465 3420 Tantus
478 3355 600 3443 Regalis
612 3357 663 3421 sub
677 3357 766 3422 corde
780 3359 922 3422 exaestuat
935 3361 1018 3422 omni

380 3491 503 3576 Imperii
518 3504 549 3556 et
562 3495 664 3576 patriae
679 3494 858 3581 Rellig'ienis
873 3519 957 3560 amor
972 3495 979 3560 !

339 3629 383 3692 At
397 3625 518 3692 Domus
534 3629 667 3710 interior,
680 3631 741 3695 visu
756 3633 910 3713 mirabilis,
922 3655 1028 3699 omnes
1262 3659 1322 3728 305

381 3765 467 3828 Artis
482 3763 615 3848 Apelleae
629 3766 775 3851 splendida
788 3770 890 3851 pandit
904 3791 986 3852 opes.

807 3905 823 3947 Β
842 3905 860 3968 3
