3534 5017
763 759 923 844 [41]

246 949 247 964 i
308 987 313 1000 ὁ
349 905 476 986 Interes,
491 907 547 974 tsbi
563 905 696 984 srlibeat,
712 905 864 969 subeamus
879 919 989 989 apenae

388 1037 621 1123 Lustremusque
635 1038 729 1102 oculis
744 1039 882 1102 interiora
897 1037 1031 1102 Domils.

348 1165 427 1231 Sunt
441 1169 518 1232 aulae
532 1171 677 1254 geminae:
701 1171 782 1252 prior
794 1169 910 1258 estjam
925 1172 1066 1255 antiqua:
1089 1158 1241 1252 secundae,

389 1301 441 1363 Ad
457 1324 594 1366 normam
606 1302 712 1367 uasta
727 1304 832 1386 magis,
845 1303 941 1366 forma
953 1302 1049 1364 nitore
1063 1301 1172 1384 placet.

346 1435 486 1500 Porticus
500 1436 570 1498 huic
585 1434 703 1517 duplex,
717 1433 830 1496 levibus
842 1456 911 1517 quae
924 1449 1007 1518 grata
1021 1433 1180 1514 columnis,
1264 1453 1325 1524 715

274 1595 276 1600 ·
389 1569 484 1633 Utilis
494 1567 549 1642 esl,
564 1569 625 1631 susal
640 1565 661 1630 fi
674 1567 761 1631 cadat
775 1568 869 1631 imber
882 1569 971 1651 aquai.

347 1703 605 1796 Praetereatnitidal
620 1703 675 1766 hale
691 1702 780 1788 longa
791 1703 864 1764 atria
878 1705 976 1766 cernis
993 1703 1024 1765 in
1039 1701 1139 1784 aulai*,

389 1838 533 1922 Quorum
550 1847 709 1917 perpetuus
723 1831 778 1896 rite
792 1832 907 1918 vigebit
919 1835 1026 1898 honos.

345 1967 413 2036 Illic
428 1991 490 2032 non
506 1989 615 2050 paucos
632 1967 700 2030 Rex
712 1966 860 2051 quondam
872 1968 985 2031 invenit
999 1968 1124 2060 amicos,

388 2063 573 2184 Magnificas
589 2099 699 2183 epulas,
711 2099 926 2184 hospitiumque
940 2099 1045 2165 Miser.
1263 2121 1327 2192 720

345 2227 415 2294 Illic
431 2243 585 2312 exceptus,
598 2250 646 2294 res
662 2228 704 2292 est
716 2203 823 2294 solatus
837 2232 968 2310 acerbas,

388 2361 426 2426 In
440 2361 512 2424 solio
525 2360 656 2424 titubans
673 2359 789 2424 Carolus
802 2323 850 2424 ille
865 2362 926 2424 suo.

345 2491 475 2560 rnreuxi
496 2471 598 2557 neem
613 2511 706 2578 quem
720 2494 892 2557 ainmuau
906 2495 1022 2558 nannai

389 2627 541 2704 Ambitio,
555 2626 622 2690 falsa
637 2625 687 2689 sub
702 2627 822 2709 pietate,
838 2627 921 2691 Viri.

344 2759 443 2824 Nunc
457 2760 548 2824 etiam
562 2761 640 2823 illius
654 2761 805 2844 satumque
820 2783 984 2845 necemque
997 2777 1152 2826 cruentam
1263 2780 1326 2851 725

391 2893 570 2980 Sanguineis
584 2893 743 2979 lachrymis
757 2894 870 2979 Anglia
881 2907 944 2956 tota
957 2896 1063 2980 gemit.

346 3025 381 3092 Ο
397 3027 471 3089 felix
484 3027 614 3090 nimium
629 3025 788 3112 Princeps!
812 3027 884 3088 dum
901 3027 962 3088 vita
975 3028 1123 3106 manebat,

389 3158 523 3242 Anglica
536 3159 607 3220 dum
622 3159 707 3221 licuit
721 3159 830 3240 sceptra
845 3174 945 3222 tenere
960 3181 1075 3232 manu;

347 3292 505 3377 Oppidasr
519 3293 628 3357 fuerint
638 3316 764 3378 quaeque
779 3295 853 3358 hanc
868 3295 981 3358 imitata
994 3309 1138 3376 tenacem,

299 3517 326 3526 ,.
391 3427 553 3492 Oxonium
571 3428 623 3491 tibi
638 3450 728 3513 quam
743 3431 869 3512 praebuit
884 3430 983 3512 usque,
997 3429 1122 3497 Fidem:
1264 3455 1329 3525 730

377 3652 394 3682 *
414 3646 500 3698 There
512 3646 561 3698 isa
578 3644 638 3714 long
649 3645 740 3716 gallery
752 3646 858 3700 towards
875 3648 917 3701 the
928 3649 1030 3719 garden,
1048 3651 1075 3704 in
1088 3652 1173 3704 which
1189 3653 1231 3706 the
1247 3651 1335 3708 unser.

341 3759 430 3799 tunate
447 3745 550 3798 Charles
565 3747 607 3797 the
625 3747 686 3820 lj'irll
703 3765 755 3798 was
772 3751 931 3814 entertained,
954 3751 1026 3806 when
1045 3754 1076 3810 he
1099 3755 1155 3809 beld
1175 3757 1214 3816 bn
1230 3757 1336 3815 faithful

342 3851 506 3912 Parliament,
523 3850 548 3901 in
563 3846 669 3900 Oxsord.
