3534 5017
443 1177 471 1258 Γ
511 1211 1102 1297 rnnrnrruncunn,

618 1587 999 1626 ψ

337 1842 468 1950 NON
492 1901 553 1968 ego
576 1877 628 1942 hic
653 1877 776 1962 longam
799 1870 1005 1956 praefationem
1030 1873 1066 1936 de
1092 1896 1176 1940 more
1198 1897 1276 1957 prae·

337 1979 442 2069 figam.
485 1981 600 2066 Neque
620 1981 701 2044 enim
723 1978 856 2063 indigere
877 1997 953 2057 opus
974 1976 1111 2053 arbitror,
1125 1979 1146 2041 sr
1161 1979 1277 2041 claritas

338 2083 456 2148 illudet
469 2082 659 2168 perspicuitas
674 2075 750 2142 sorte
763 2076 995 2150 commendent3
1017 2075 1067 2146 illa
1079 2079 1152 2141 verd
1165 2078 1278 2141 inutilis

339 2197 374 2248 a'c
398 2186 578 2268 supervacua
601 2182 687 2260 soret,
710 2178 731 2242 sr
753 2177 868 2246 obscuri
891 2176 990 2240 versus
1017 2192 1048 2240 et
1075 2179 1206 2244 salebrosi
1228 2202 1279 2244 re·

340 2285 503 2368 periantur.
548 2278 810 2366 Qremadmodum
825 2277 950 2360 pistura,
964 2276 985 2341 si
999 2275 1076 2341 bene
1089 2277 1217 2363 expressa
1230 2279 1278 2360 srt,

339 2409 405 2452 rem
427 2388 464 2450 ab
490 2386 608 2450 Autore
628 2383 775 2468 depietam
794 2382 859 2445 satis
880 2381 980 2464 perse
1001 2381 1146 2458 ostendit;
1173 2382 1278 2448 frustra

343 2502 445 2550 autem
466 2487 494 2550 ei
515 2483 673 2570 magnilica
693 2484 854 2566 sonoraque
868 2482 959 2546 verba
971 2483 1164 2566 supposueris,
1190 2484 1277 2549 sita-

339 2587 417 2651 bella
433 2585 502 2670 ipsa,
520 2587 605 2652 malis
620 2587 792 2650 adumbrata
803 2585 967 2663 coloribus,
981 2607 1086 2650 manca
1098 2601 1130 2649 et
1143 2588 1278 2651 informis

251 2773 252 2778 ἵ
338 2695 470 2760 horreat.

383 2809 568 2875 Paucissimis
580 2812 671 2898 igitur
680 2807 930 2876 annotatiunculis
939 2810 1111 2890 opusculum
1125 2813 1183 2877 hoc
1197 2814 1278 2879 illus·

341 2909 480 2974 trandum
495 2911 613 2986 censoir
634 2932 704 2974 curn
723 2910 806 2972 omni
828 2909 924 2972 studio
936 2923 966 2971 et
979 2913 1051 2973 curi
1063 2915 1277 2995 contenderim,

343 3023 378 3072 ut
395 3008 462 3072 lene
480 3008 586 3072 flueret
603 3031 734 3087 carmen,
753 3023 785 3071 et
803 3007 981 3092 legentibus,
1006 3008 1122 3075 Oxonii
1139 3037 1202 3078 non
1224 3038 1279 3099 pe.

343 3109 484 3192 regrinis,
499 3108 622 3170 obvium
637 3129 673 3171 ac
686 3107 771 3169 facile
784 3121 908 3189 pateret.

387 3225 441 3288 Sin
454 3242 554 3288 autem
574 3225 610 3290 ad
630 3225 781 3311 egregiam
800 3238 846 3286 tot
859 3225 1047 3306 superbarum
1069 3249 1168 3293 rerum
1190 3253 1278 3319 mag-

343 3327 529 3392 nificentiam
550 3343 581 3392 et
602 3327 794 3414 majestatem,
814 3330 950 3391 versuum
971 3331 1147 3395 sublimitate
1172 3337 1280 3398 verbo-

344 3450 476 3512 rumque
490 3427 651 3513 elegantiai,
664 3427 809 3512 assurgere
821 3429 944 3490 minime
959 3429 1106 3509 potuerim
1118 3455 1128 3505 3
1140 3433 1212 3496 nibil
1227 3434 1279 3497 sal-

345 3545 408 3594 tem
423 3529 459 3592 de
471 3527 616 3611 splendidi
631 3550 735 3591 earum
748 3528 826 3590 fami
839 3528 992 3592 detraxisse
1005 3551 1054 3592 me
1067 3530 1196 3596 confido.

390 3649 429 3713 In
453 3648 611 3711 scribendis
635 3651 716 3712 enim
739 3649 785 3711 his
809 3647 972 3726 versiculis,
1001 3648 1072 3712 illud
1100 3674 1194 3713 unum
1221 3672 1281 3738 ego

347 3752 422 3814 rnihi
450 3751 584 3833 proposui
609 3767 655 3831 ut,
684 3751 706 3817 sr
733 3773 796 3816 non
822 3751 972 3834 placerent
996 3752 1145 3833 omnibu,
1169 3755 1282 3818 nemini

346 3850 429 3917 certe
450 3851 644 3935 displicerent.

805 3955 829 3999 A
844 3953 863 4000 2
