3534 5017
740 723 756 805 [
803 743 841 812 ยน9
885 725 903 806 J

316 865 445 932 Cunna
460 867 527 932 haec
542 866 563 932 st
577 868 681 952 cupias
696 873 875 956 cognoscere
891 872 1062 954 Marmora,
1076 877 1187 960 magnai

362 999 559 1084 Composrtus
574 1003 657 1074 cura,
673 1004 809 1068 continet
824 1005 872 1068 illa
888 1005 993 1070 Liber.

313 1137 429 1216 Hunc,
446 1159 500 1200 nos
515 1161 608 1222 quam
621 1141 763 1221 petimus,
778 1142 832 1204 tibi
845 1141 1003 1205 Bodleiano
1019 1145 1133 1208 volenti

363 1267 490 1332 Offeret
504 1270 583 1333 inter
597 1261 869 1352 opeoBibliotheca
883 1273 957 1341 suas.

313 1403 386 1468 Vix
400 1405 524 1482 etenim,
541 1403 566 1467 F
568 1407 636 1502 ami
651 1405 740 1488 pauld
756 1407 944 1487 celebratius,
954 1410 1048 1474 ullum
1063 1409 1119 1492 est,
1247 1431 1309 1497 245

363 1544 460 1627 Quod
473 1567 536 1609 non
549 1544 609 1623 illa,
624 1543 687 1608 sinu
702 1545 804 1625 divite,
820 1546 912 1609 servet
926 1567 1013 1628 opus.

314 1677 369 1742 Illi
385 1679 493 1765 ingens
508 1679 697 1762 pretiumque
710 1677 806 1757 simul,
819 1676 1016 1762 numerusque
1029 1677 1173 1742 librorum

361 1809 533 1896 Egregium
547 1824 613 1872 toto
627 1832 737 1874 nomen
753 1812 784 1874 in
800 1810 886 1875 Orbe
901 1812 992 1876 dedit.

314 1931 416 2013 Fama
428 1947 654 2030 manu-scriptis
668 1948 715 2010 sed
728 1949 842 2034 major3
865 1963 899 2012 ut
913 1949 963 2012 illa
975 1950 1146 2030 secundum,

362 2083 434 2148 Hac
449 2097 589 2165 exparte,
601 2064 690 2168 queat
705 2083 779 2149 forti
795 2098 895 2148 tenere
908 2083 1021 2148 locum.
1245 2103 1307 2168 250

317 2221 411 2288 Hanc
425 2221 518 2308 igitur
529 2243 649 2284 mecum
664 2223 787 2296 subeas3
809 2237 899 2307 atque
914 2223 1020 2305 inspice
1035 2223 1179 2309 quidquid

363 2353 456 2418 AEtas
471 2353 586 2438 ingenii
601 2353 704 2435 prisca,
720 2354 879 2452 recensque
893 2353 975 2418 tulit.

317 2486 382 2552 Hic
396 2486 474 2564 sunt,
489 2487 506 2548 ai
519 2488 616 2569 prima
631 2507 707 2572 quos
721 2489 797 2552 vidit
810 2489 927 2574 origine
942 2486 1093 2566 Mundus,

363 2617 516 2689 Doctrina
531 2621 670 2709 infignes,
685 2624 867 2710 ingenioque
882 2625 948 2687 viri.

317 2754 426 2820 Fortis
442 2755 620 2834 Alexandri,
636 2753 776 2842 Augusti,
785 2756 948 2842 magnique
962 2753 1075 2818 Leonis
1246 2773 1283 2838 25
1287 2775 1305 2840 5

364 2884 470 2966 Saecla,
485 2900 532 2951 tot
547 2888 665 2950 aeternis
681 2887 793 2973 inclyta
803 2887 891 2949 saecla
906 2887 990 2964 viris,

318 3019 406 3084 Cum
419 3019 525 3098 saeclis,
543 3019 682 3102 pulchras
698 3041 767 3104 quae
783 3016 852 3080 dein
866 3016 973 3079 fulsere
987 3037 1039 3097 per
1054 3016 1156 3094 ArteS,

361 3150 445 3216 Cum
460 3152 558 3231 saeclo,
575 3151 696 3229 Lodoix,
712 3151 761 3213 hic
775 3150 873 3214 coiere
887 3166 952 3213 tuo.

315 3283 373 3350 Ne
388 3284 496 3348 mirdre
511 3286 614 3369 igitur,
628 3283 649 3346 st
665 3282 820 3346 Bodleiano
834 3304 888 3364 per
900 3303 1004 3345 omnes

362 3417 449 3480 Tam
463 3417 539 3480 bend
553 3432 623 3482 nota
638 3417 720 3480 audit
738 3415 927 3502 Bibliotheca
936 3418 1050 3504 plagas.
1242 3421 1305 3485 260

314 3553 495 3653 Disciplinae
508 3554 606 3617 omnis
621 3555 718 3616 sontes
731 3551 780 3614 hic
798 3553 924 3654 jugibus
942 3553 1029 3615 undis

362 3686 543 3754 immensam
558 3683 674 3770 possunt
687 3683 825 3750 exsatiare
835 3683 924 3749 sitim.

790 3804 808 3852 B
825 3802 844 3853 2
