3534 5017
878 762 894 844 [
936 777 980 845 ar
1021 758 1039 844 ]

467 899 589 970 Nititur
601 906 650 970 hic
665 915 801 972 mentum
811 905 926 986 dextri,
940 905 1073 989 sedesque
1084 903 1222 989 supernas

510 1039 687 1123 suspiciens,
700 1040 798 1106 secum
811 1039 940 1124 plurima
952 1051 1053 1104 mente
1067 1051 1163 1122 punt.

468 1172 624 1251 Taeniola,
637 1173 715 1237 haud
728 1155 833 1258 procul
847 1173 930 1251 hinc,
943 1173 1050 1238 volitat
1062 1194 1116 1257 per
1128 1172 1249 1238 inaniat
1271 1171 1305 1239 in
1318 1170 1369 1240 illa
1383 1173 1451 1258 565

511 1307 654 1392 Inscripta
664 1309 728 1370 haec
743 1305 856 1373 Graece·
866 1307 993 1391 paucula
1005 1308 1095 1372 verba
1108 1307 1196 1394 legis.

469 1439 550 1530 Qua
564 1454 596 1505 ru
601 1453 725 1526 patrata
738 1437 784 1502 hic
798 1438 925 1524 mssecia
934 1435 1063 1527 conspicis
1075 1436 1150 1518 asta,

512 1579 649 1644 Scrutari
663 1577 809 1660 Aligrrtsm
818 1575 951 1660 percupio
963 1571 1019 1664 ipse
1032 1573 1152 1640 Chorus.

467 1709 603 1774 Humani
616 1709 731 1796 ingenii
744 1731 825 1774 nunc
839 1730 911 1773 cum
925 1708 1067 1773 miracula
1079 1722 1163 1774 unta

511 1839 631 1922 Vidisti,
645 1842 699 1906 tibi
714 1842 781 1927 quis
795 1843 915 1926 pectore
926 1843 1022 1908 sensus
1033 1841 1131 1908 inest?

468 1976 581 2066 Ingens
594 1977 750 2042 attonitam
766 1999 867 2043 nonne
882 1978 1038 2044 admiratio
1051 1995 1185 2048 mentem
1259 2044 1263 2052 .

512 2113 665 2197 Occupat,
678 2128 710 2179 et
723 2136 822 2179 rerum
835 2114 910 2198 saepi
923 2117 1053 2182 recursat
1064 2117 1185 2183 honos?

468 2249 562 2314 AEdes
577 2247 659 2312 nulla
671 2247 798 2312 alianae
811 2248 927 2312 tanttim
941 2250 1105 2315 celebratur
1116 2252 1150 2316 in
1162 2211 1269 2316 Urbca

509 2383 606 2450 Nulla
619 2385 671 2448 suo
683 2383 833 2448 abscondit
846 2397 894 2447 tot
907 2398 1103 2448 monumenta
1114 2382 1194 2448 sinu.

468 2515 599 2592 Vertim,
613 2528 649 2578 ut
662 2511 727 2596 post
736 2513 837 2596 epulas
850 2525 882 2578 ct
894 2513 985 2578 lautae
999 2515 1081 2600 regia
1095 2514 1203 2579 mensae

509 2649 647 2728 Fercula,
660 2647 783 2734 frugalis
796 2647 907 2725 mensa,
920 2650 1060 2733 cibusque
1070 2649 1187 2732 placen

469 2787 531 2866 sic,
541 2788 630 2874 hujus
644 2780 708 2867 post
722 2804 861 2866 pompam
876 2781 978 2862 AEdis‚
992 2782 1091 2876 piacet
1104 2782 1155 2847 ilia
1167 2780 1264 2847 sacelli

511 2917 655 3002 Simplex,
670 2913 777 2980 dantia
793 2911 894 2994 Trias,
907 2916 1015 2996 forma,
1027 2916 1167 3001 nitorque
1179 2917 1236 2980 tui.

467 3047 539 3114 Nos
553 3049 634 3114 illam
648 3070 721 3135 ergo
732 3045 870 3112 Domum
888 3049 966 3132 (non
978 3045 1079 3124 estvia
1090 3046 1196 3134 longa)
1210 3059 1367 3130 petamus:

511 3183 663 3262 Ermum,
679 3181 901 3266 primoliminc,
911 3180 987 3246 ridet
1000 3202 1087 3264 opus.

470 3315 552 3380 Area
565 3316 601 3379 ad
614 3312 775 3399 oppositam
788 3313 925 3378 viridanti
940 3316 1075 3400 gramine
1090 3314 1174 3378 ducit

510 3449 702 3514 AEdiculam:
724 3449 790 3512 haec
798 3449 886 3514 nobis
898 3451 982 3515 obdit
993 3475 1113 3517 amoena
1125 3452 1213 3520 latur.

469 3577 614 3665 Egregios
628 3591 755 3661 quatuor
765 3575 885 3659 statuas,
899 3580 931 3643 in
944 3583 1056 3647 vertice
1069 3581 1189 3646 summo

513 3711 663 3794 Astantcs,
676 3713 798 3782 humilis
812 3728 977 3800 truncaque
991 3719 1080 3786 turris
1092 3720 1192 3811 habet.
