3534 5017
750 710 912 799 [47]

332 825 394 929 Per
406 861 519 928 vallem
532 859 648 944 serpens
658 856 773 924 linuoso
786 858 905 922 tramite
918 855 1049 921 Flumen

378 1003 552 1090 Egregium
565 997 669 1063 vitreis
684 994 823 1060 fluetibus
837 994 888 1058 illu
900 995 996 1082 rigat,

333 1135 474 1219 Insuper,
488 1133 574 1197 Artis
587 1151 674 1214 opus,
687 1129 911 1214 praeterlabente
924 1127 1041 1191 decorae
1145 1185 1149 1193 ,
1259 1131 1321 1218 835

378 1268 482 1334 Alluit
494 1266 554 1350 ipsa
566 1262 690 1331 Domirs
704 1263 782 1345 septa
794 1261 905 1325 canalis
916 1264 1007 1344 aqui.

336 1405 379 1470 Et
389 1407 458 1493 jam
472 1402 540 1466 uela
553 1399 681 1474 traham,
695 1394 749 1461 nist
766 1394 839 1458 Chri
862 1394 874 1456 i
890 1393 1012 1478 Ecclesia
1025 1395 1125 1475 nobis,

379 1533 452 1601 Ceri
466 1534 558 1598 breve
568 1530 649 1594 nunc
664 1528 776 1612 superet
790 1525 960 1612 trajicienda
966 1527 1088 1589 fretum.

336 1671 446 1738 Maste
460 1668 569 1734 animis
583 1680 696 1742 tamen,
711 1677 742 1727 et
755 1684 848 1746 pauca
862 1661 1049 1726 observemus
1061 1664 1171 1732 eundo.
1244 1751 1248 1756 ι

378 1783 496 1872 Turris
510 1827 548 1869 an
560 1805 692 1886 antiquae
706 1800 837 1865 culmina
849 1793 955 1864 trunca
966 1798 1073 1863 vides?
1255 1800 1322 1885 840

338 1943 429 2007 Hanc
444 1940 572 2018 circum,
585 1937 683 2002 crelin
694 1935 737 2000 est
752 1934 897 1998 Custodia
906 1935 1039 2016 publica:
1059 1936 1166 2018 sontes,

378 2074 422 2138 Et
433 2073 555 2136 miserus
570 2073 687 2158 gremio
703 2071 838 2134 continet
853 2069 903 2132 illa
916 2091 994 2135 reos.

334 2207 414 2272 Non
428 2207 497 2270 illos
510 2222 611 2285 vexat,
624 2206 671 2270 sed
684 2205 789 2288 contri,
802 2205 971 2268 humaniter
984 2227 1090 2270 omnes

378 2339 423 2403 Et
437 2337 514 2402 lidus
530 2336 653 2414 Custos,
668 2347 700 2399 et
712 2334 787 2399 bene
801 2335 882 2398 mitis
895 2336 992 2399 habet.

333 2471 411 2556 Qui>
425 2471 500 2535 verri
513 2471 634 2536 deducit
646 2491 697 2534 eos
711 2492 781 2535 cum
796 2467 869 2534 fuste
882 2469 994 2534 satelles
1252 2475 1315 2560 845

378 2612 543 2697 Simplicei
565 2633 672 2694 nempe
685 2611 799 2676 Forum
813 2609 1001 2694 Municipale
1014 2627 1131 2697 petunt.

334 2744 404 2809 Scis
418 2741 599 2828 quimjusti
612 2741 675 2806 illic
689 2743 833 2806 librentur
847 2744 974 2806 crimina
986 2743 1093 2821 lance3

376 2875 450 2939 Nec
464 2873 589 2937 moestos
603 2874 658 2937 tibi
673 2893 768 2953 mens,
785 2873 979 2958 sollicitosque
992 2877 1085 2962 sequi.

334 3007 480 3072 Tantum
495 3006 588 3094 igitur
602 3005 703 3088 rapido
717 3002 859 3068 Praetoria
873 3005 987 3070 lumine
999 3029 1107 3074 cerne:

379 3142 535 3226 Simplicia
549 3143 614 3206 haec
624 3139 718 3204 oculis
732 3139 807 3220 sunt,
819 3154 906 3223 puto,
920 3158 1003 3226 grata
1012 3146 1084 3210 tuis.
1194 3208 1199 3214 .
1251 3154 1318 3240 850

336 3273 494 3340 Lustrabis
506 3273 621 3337 cursim
635 3273 754 3355 pariter,
767 3294 835 3356 quae
847 3276 982 3356 proximu
997 3275 1086 3342 Sedes

382 3407 525 3490 Obliqui
538 3405 635 3467 latitat
650 3401 858 3466 Pembrokiana
871 3405 931 3471 viu.

335 3539 413 3606 Non
427 3542 484 3604 iter
497 3537 543 3602 est'
555 3537 679 3622 longum
692 3559 702 3611 ς
723 3557 778 3600 nec
793 3537 869 3601 teila
883 3538 1063 3622 subibimus:
1086 3546 1177 3613 AEdis
